1470 2402
190 98 244 138 94
290 96 368 138 DE
396 98 816 151 DIVINATIONE,
833 99 933 140 1:113.
947 98 1007 140 ΙΙ.
1020 97 1127 139 CAP.
1142 96 1209 137 54.

188 204 283 243 haru
288 206 420 258 spicea,
433 215 470 247 et
483 207 750 260 fulguratores,
765 216 802 247 et
815 209 1037 260 interpretes
1055 212 1306 252 ostentorum,

190 267 230 298 et
247 273 424 312 augures,
445 270 482 300 et
500 263 708 314 sortilegos,
735 270 772 301 et
791 263 991 302 Chaldaeos
1007 264 1026 301 ‚⁹
1055 271 1220 312 quorum
1241 271 1307 308 ge-

190 325 328 352 nerum
347 315 500 353 nullum
520 324 588 365 est,
605 330 652 355 ex
667 330 744 368 quo
758 330 836 355 non
855 316 1014 368 aliquid,
1036 315 1132 354 sicut
1149 312 1308 365 praedic-

191 374 275 405 tum
296 369 357 416 sit,
378 370 546 408 evaserit.
586 371 694 422 Ergo
718 378 785 409 aut
809 383 853 408 ea
877 383 1031 422 quoque
1055 379 1193 420 genera
1210 365 1307 404 divi-

190 421 308 459 nandi
327 430 430 471 sunt,
451 437 538 475 quae
563 431 605 462 tu
631 425 834 463 rectissime
852 424 1070 476 inlproba83
1100 429 1180 469 aut,
1206 420 1238 458 si
1262 431 1306 458 &a

188 487 266 513 non
281 484 384 524 sunt,
400 489 476 515 non
496 478 682 529 intelligo,
699 492 766 516 cur
784 478 865 516 haec
883 478 960 516 duo
979 478 1067 523 sint,
1084 489 1172 528 quae
1189 473 1305 512 relin-

189 529 287 580 quis.
318 530 410 578 Qua
429 544 517 582 ergo
536 533 680 571 ratione
698 532 781 571 haec
798 532 961 581 inducis,
982 531 1115 570 eadem
1133 529 1201 568 illa
1217 540 1306 580 pos-

189 592 281 621 sunt
299 597 390 632 esse,
411 598 499 636 quae
519 586 629 624 tollis.

243 637 357 675 LIV.
373 638 481 686 Quid
495 652 580 677 vero
593 640 709 678 habet
724 639 954 678 auctoritatis
971 638 1077 678 furor
1089 637 1173 684 iste,
1187 648 1304 688 quem

187 690 363 728 divinum
379 693 531 740 vocatis,
546 701 603 741 ut,
617 707 704 746 quae
718 694 865 745 sapiens
880 706 956 732 non
970 692 1110 738 videat,
1123 704 1168 730 ea
1179 690 1305 728 videat

188 744 370 791 insanus;
393 754 429 783 et
443 746 488 794 is,
510 748 578 798 qui
596 748 785 786 humanos
811 760 941 786 sensus
959 746 1139 793 amiserit,
1159 744 1306 782 divinos

187 807 380 837 assecutus
401 800 478 838 sit?
508 801 665 852 Sibyllae
684 815 812 840 versus
836 803 1093 848 observamus,
1114 811 1209 851 quos
1234 798 1303 835 illa

187 852 318 891 furens
331 853 473 892 fudisse
487 854 625 893 dicitur
641 870 651 893 ι
683 868 848 907 quorum
862 855 1045 906 interpres
1059 866 1194 904 nuper,
1210 851 1307 890 falsa

188 907 357 958 quadam
377 907 580 946 hominum
598 909 717 958 fama,
738 909 907 947 dicturus
931 909 973 946 in
992 915 1125 946 senatu
1143 907 1307 958 putaba-

187 967 266 1009 tur,
281 974 383 1009 eum,
401 975 516 1013 quem
535 976 574 1001 re
593 964 683 1002 vera
697 976 824 1015 regem
843 964 1092 1010 habebamus,
1108 960 1306 1012 appellan-

186 1014 283 1052 dum
302 1028 455 1067 quoque
474 1030 552 1056 esse
570 1030 713 1068 regem,
735 1018 765 1055 si
785 1018 878 1055 salvi
897 1029 975 1056 esse
990 1016 1185 1054 vellemus.
1216 1013 1306 1052 Hoc

187 1068 220 1106 si
239 1076 293 1106 est
311 1069 352 1106 in
370 1070 490 1117 libris,
517 1072 558 1109 in
584 1085 700 1123 quem
725 1071 936 1118 hominem,
957 1078 994 1108 et
1018 1070 1059 1108 in
1085 1068 1188 1122 quod
1206 1075 1306 1106 tem-

186 1135 260 1174 pus
279 1125 366 1161 est?
396 1123 544 1163 Callicle
563 1125 680 1172 enim,
702 1125 770 1177 qui
794 1126 862 1163 illa
886 1123 1112 1175 composuit,
1132 1121 1303 1175 perfecit,

187 1184 245 1223 ut,
267 1176 536 1230 quodcumque
554 1179 760 1226 accidisset,
776 1178 1002 1231 praedictum
1018 1177 1219 1222 videretur,
1235 1175 1306 1213 ho-

185 1231 338 1268 minum
358 1240 395 1269 et
419 1239 637 1284 temporum
663 1233 882 1271 definitione
907 1231 1069 1270 sublata.
1108 1229 1306 1269 Adhibuit

186 1284 302 1322 etiam
327 1285 512 1324 latebram
537 1287 788 1335 obscuritatis,
809 1295 853 1325 ut
871 1286 988 1324 iidem
1007 1297 1136 1324 versus
1154 1283 1247 1322 alias
1264 1283 1308 1322 in

184 1338 302 1376 aliam
321 1351 402 1377 rem
420 1353 528 1391 posse
547 1341 824 1379 accommodari
848 1340 1075 1378 viderentur.
1116 1339 1209 1377 Non
1228 1349 1308 1376 esse

182 1400 313 1430 autem
332 1392 430 1431 illud
449 1407 602 1433 carmen
621 1395 795 1444 furentis,
816 1407 906 1432 cum
931 1394 1060 1445 ipsum
1079 1396 1218 1444 poe'ma
1236 1391 1305 1430 de-

184 1446 316 1493 clarat,
339 1450 412 1489 (est
431 1449 533 1486 enim
552 1449 674 1500 magis
694 1449 783 1487 artis
809 1456 845 1486 et
864 1447 1086 1499 diligentiae,
1107 1458 1226 1499 quam
1244 1445 1305 1483 in-

184 1500 372 1539 citationis
390 1508 428 1539 et
446 1505 587 1550 motus)
608 1510 692 1540 tum
707 1516 796 1541 vero
822 1515 879 1550 ea,
897 1515 984 1554 quae
1003 1508 1228 1551 Ακροστιχις
1245 1499 1306 1537 di-

185 1554 296 1602 citur,
313 1567 401 1593 cum
420 1555 596 1608 deinceps
615 1569 662 1594 ex
681 1556 815 1608 primis
833 1568 1013 1594 versuum
1026 1554 1145 1592 literis
1159 1552 1306 1606 aliquid

185 1609 432 1657 connectitur,
446 1618 490 1648 ut
508 1610 548 1648 in
563 1611 794 1662 quibusdam
809 1609 1012 1657 Ennianis,
1031 1607 1139 1660 [quae
1153 1607 1307 1646 Ennius

183 1662 306 1715 fecit]
339 1663 388 1701 Id
405 1672 503 1702 certe
522 1665 645 1716 magis
663 1673 718 1703 est
737 1665 872 1703 attenti
891 1663 1026 1711 animi,
1042 1675 1160 1714 quam
1175 1660 1306 1700 furen-

183 1716 244 1754 tis.
287 1717 421 1769 Atque
449 1717 489 1755 in
520 1719 718 1769 Sibyllinis
746 1732 794 1757 ex
823 1718 949 1771 primo
979 1729 1088 1755 versu
1119 1716 1307 1767 cujusque

181 1770 378 1809 sententiae
396 1771 530 1823 primis
548 1772 666 1811 literis
683 1773 787 1811 illius
806 1771 1002 1811 sententiae
1026 1782 1178 1808 carmen
1191 1782 1307 1808 omne

182 1824 417 1875 praetexitur.
458 1825 546 1864 Hoc
572 1827 855 1878 scriptorisrraet,
876 1838 953 1864 non
978 1823 1165 1869 furentis;
1195 1823 1305 1861 adhi-

182 1878 306 1916 bentis
331 1878 584 1929 diligentiam,
605 1893 682 1919 non
708 1880 843 1919 insani.
886 1879 1150 1927 Quamobrem
1176 1876 1305 1929 Sibyl·

180 1932 260 1970 lam
291 1932 448 1983 quidem
483 1934 686 1985 sepositam
712 1942 750 1972 et
775 1934 967 1973 conditam
992 1932 1216 1977 habeamus,
1242 1939 1302 1980 ut,

182 1985 254 2032 (id,
276 1985 380 2037 quod
404 1987 600 2037 proditum
616 1996 671 2026 est
685 2002 708 2027 a
724 1988 950 2037 majoribus)
970 1987 1118 2036 injussu
1138 1988 1301 2034 senatus,

181 2051 230 2078 ne
247 2040 424 2090 legantur
438 2041 595 2092 quidem
606 2042 695 2080 libri
709 2055 721 2087 ;
753 2042 981 2092 valeantque
995 2039 1045 2078 ad
1059 2038 1303 2090 deponendas

179 2093 307 2145 potius
333 2106 452 2144 quam
470 2094 519 2132 ad
538 2095 793 2147 suscipiendas
812 2095 1037 2146 religiones:
1068 2101 1105 2131 et
1131 2104 1221 2131 cum
1235 2105 1304 2130 an-

181 2147 363 2188 tistitibus
387 2160 562 2200 agamus,
588 2156 633 2189 ut
657 2149 810 2202 quidvis
838 2148 967 2202 potius
996 2160 1045 2188 ex
1072 2146 1149 2187 inis
1178 2146 1301 2197 libris,
