1470 2402
148 86 228 124 248
316 85 396 125 DE
426 85 691 137 omens,
721 87 822 126 nm.
844 87 879 126 ι.
910 86 1018 127 cu.
1039 88 1104 128 40.

147 193 329 234 virtutem
357 195 475 248 quis?
512 203 552 234 at
579 208 699 248 quam
736 195 854 235 multi
880 196 1062 236 villarum
1089 195 1274 247 magnifi-

145 249 313 288 centiam
331 250 472 288 imitati
490 258 580 289 sunt
596 251 605 288 !
637 263 804 302 quarum
829 250 987 303 quidem
1012 258 1112 290 certe
1131 257 1189 289 oet
1205 250 1275 288 ad-

148 303 339 343 hibendus
365 304 518 351 modus,
543 305 592 342 ad
618 305 998 357 mediocritatemque
1024 304 1274 344 revocandus.

148 357 379 412 Eademque
409 359 649 398 rnediocritas
686 359 736 398 ad
771 372 888 398 usum
924 360 1152 411 cultumque
1187 358 1277 397 vitae

150 412 412 452 transferenda
429 422 496 452 est·
532 413 609 452 Sed
626 414 709 452 haec
725 413 921 453 hactenus.
951 414 1002 453 In
1019 413 1128 453 omni
1145 419 1278 452 autem

150 467 298 506 actione
316 467 568 519 suscipienda,
588 468 662 506 tria
685 475 776 507 sunt
800 468 989 515 tenenda;
1017 467 1206 520 primum,
1231 473 1278 505 ut

151 522 344 574 appetitus
362 522 501 561 rationi
518 530 671 574 pareatg
696 536 775 574 quo
793 523 891 562 nihil
909 531 965 562 est
982 523 1032 562 ad
1050 521 1174 561 officia
1187 533 1278 560 eon-

151 577 336 615 servanda
349 576 691 616 aecommodatius:
713 577 864 625 deinde,
877 585 923 616 ut
935 576 1277 623 animadvertatur,

151 638 299 682 quanta
322 631 391 669 ina
414 644 473 670 res
497 631 560 680 sit,
581 644 701 684 quam
727 631 872 670 efficere
897 632 1088 678 velimus3
1115 638 1162 669 ut
1182 642 1279 668 neve

151 685 276 734 major
302 697 397 724 neve
422 685 549 724 minor
573 699 666 725 cura
690 694 729 725 et
752 698 868 738 opera
893 686 1134 737 suscipiam,
1158 697 1279 736 quam

151 751 267 778 causa
287 740 479 791 postulet:
510 740 666 779 tertium
693 749 762 789 est,
792 738 859 790 [ut
882 740 1120 791 mvoemuS,]
1147 746 1194 776 ut
1218 751 1277 788 ea,

150 807 240 845 quae
268 794 460 846 pertinent
484 794 534 833 ad
560 794 759 834 liberalem
782 795 948 846 speciem
973 801 1012 833 et
1035 793 1277 844 dignitatem,

150 848 349 887 moderata
379 849 467 887 sint.
514 849 663 888 Modus
694 857 825 888 autem
857 856 915 887 est
945 847 1130 900 optimus,
1162 846 1279 885 decus

148 902 280 954 ipsum
312 910 454 952 tenere,
487 902 535 941 de
567 915 646 954 quo
678 912 767 942 ante
792 901 978 951 diximus,
1005 914 1076 940 nec
1102 900 1280 953 progredi

148 957 314 1008 longius.
354 957 511 996 Horum
537 964 667 995 tamen
692 957 812 995 trium
829 955 1187 1009 praestantissimum
1206 962 1277 1005 αι,

151 1011 368 1063 appetitum
387 1013 650 1063 obtemperare
666 1011 819 1050 rationi.

207 1065 300 1104 XL.
326 1066 519 1117 Deinceps
537 1065 585 1104 de
603 1065 736 1104 ordine
752 1078 897 1115 rerum,
917 1072 956 1104 et
972 1072 1193 1117 temporum
1209 1076 1279 1117 op-

154 1120 403 1172 portunitate,
424 1119 631 1158 dicendum
648 1128 716 1159 est.
756 1120 846 1160 Hac
863 1127 995 1159 autem
1013 1119 1172 1159 scientia
1188 1131 1280 1158 eon-

155 1175 300 1214 tinetur
314 1187 372 1223 ea,
389 1187 509 1226 quam
524 1174 651 1213 Graeci
667 1176 844 1224 Ευταξιαν
858 1174 1074 1223 nominant,
1089 1186 1168 1212 non
1181 1173 1279 1222 haec,

155 1241 276 1281 quam
293 1228 590 1280 interpretamur
608 1229 863 1273 modeetiam‚·
892 1242 971 1280 quo
993 1229 1034 1267 in
1056 1229 1173 1268 verbo
1196 1240 1282 1268 mo-

155 1283 229 1322 dus
247 1283 370 1322 inaet:
400 1283 466 1321 sed
481 1283 550 1321 illa
569 1291 624 1321 est
643 1285 806 1334 ευταξια,
825 1283 867 1321 in
885 1283 964 1335 qua
977 1282 1206 1335 intelligitur
1219 1296 1282 1322 or-

153 1337 256 1376 dinis
275 1337 518 1376 conservatio.
549 1337 704 1388 Itaque,
719 1345 765 1376 ιιι
778 1337 955 1376 eamdem
969 1350 1038 1376 nos
1050 1337 1280 1376 modestiam

153 1392 409 1444 appellemuS,
436 1393 490 1432 sic
514 1391 696 1430 definitur
721 1405 745 1430 a
769 1392 922 1441 Stoicis,
950 1399 995 1430 ut
1018 1391 1206 1431 modestia
1231 1391 1283 1430 sit

155 1446 312 1485 scientia
344 1459 478 1485 earum
509 1459 654 1494 rerum,
683 1459 772 1498 quae
803 1454 966 1498 agentur
992 1454 1061 1485 aut
1087 1446 1279 1495 dicentur,

154 1501 238 1540 1000
263 1513 333 1540 suo
359 1501 680 1540 collocandarum.
721 1501 863 1573 ltaque
888 1500 1041 1540 videtur
1064 1500 1200 1540 eadem
1221 1501 1281 1539 vis

153 1555 300 1596 ordinis
318 1562 356 1594 et
374 1555 632 1595 collocationis
649 1555 743 1595 fore.
773 1556 881 1594 ham
894 1563 934 1594 et
949 1555 1124 1594 ordinem
1141 1555 1196 1594 sic
1213 1554 1283 1594 de-

154 1610 312 1658 finiunt,
332 1611 648 1663 compositionem
666 1622 796 1648 rerum
814 1609 913 1662 aptis
931 1618 969 1649 et
986 1609 1284 1649 accommodatis

153 1664 260 1703 locis.
300 1664 452 1704 Locum
477 1673 609 1704 autem
635 1664 808 1713 actionis,
831 1665 1159 1717 opportunitatem
1183 1671 1284 1702 tern-

154 1719 258 1773 poris
276 1731 356 1758 aese
374 1719 519 1759 dicunt.
560 1720 737 1771 Tempus
761 1726 893 1758 autem
917 1719 1076 1758 actionis
1097 1725 1283 1772 opportu-

155 1785 253 1811 num
274 1773 409 1812 Graece
429 1781 613 1823 Ευκαιρια,
634 1773 776 1812 Latine
793 1773 1010 1826 appellatur
1027 1775 1185 1812 occasio.
1218 1772 1284 1812 Sic

155 1827 213 1873 fit,
245 1836 290 1866 ut
320 1828 507 1867 modestia
537 1828 633 1877 haec,
665 1841 785 1880 quam
816 1828 871 1866 ita
898 1828 1209 1880 interpretamur,
1236 1833 1283 1866 ut

154 1882 251 1929 dixi,
271 1881 427 1921 scientia
448 1883 497 1922 sit
514 1882 812 1935 opportunitatis
833 1882 1060 1922 idoneorum
1085 1881 1136 1921 a'd
1161 1893 1283 1934 agen·

153 1935 250 1978 dum
269 1944 502 1988 temporum.

207 1990 285 2029 Sed
302 1999 427 2043 potest
445 1991 578 2031 eadem
598 2005 678 2032 esse
694 1991 909 2045 prudentiae
927 1990 1114 2038 definitio,
1132 1989 1181 2029 de
1198 1989 1280 2042 quii.

152 2044 340 2096 principio
359 2046 556 2086 diximus:
586 2046 659 2086 hoc
683 2055 815 2086 autem
839 2047 924 2086 loeo
947 2046 997 2086 de
1018 2044 1279 2085 moderatione

151 2107 190 2138 et
208 2101 475 2151 temperantia,
496 2108 534 2140 et
559 2114 692 2141 aarum
719 2101 908 2141 similibus
930 2101 1152 2146 virtutibus,
1171 2112 1278 2151 quae-

149 2152 284 2193 rimus.
325 2154 479 2208 ltaque,
509 2169 597 2209 quae
629 2164 737 2198 erant
766 2156 982 2211 prudentiae
1007 2154 1178 2210 propria,
1206 2166 1277 2194 suo
