1470 2402
193 96 271 135 140
358 105 437 146 DE
467 107 732 157 LEGIBUS,
763 108 1050 149 1331011».
1074 109 1139 147 11.

192 223 283 250 nem
308 225 388 254 esse
411 216 454 254 in
479 229 641 268 genere·
671 230 759 269 quae
784 217 816 255 si
841 224 951 265 esset,
978 228 1056 255 non
1082 228 1161 254 una
1183 227 1318 256 omnes

194 265 366 307 definitio
384 271 606 310 contineret.
647 271 807 310 Etenim
825 272 935 317 ratio,
965 284 1045 322 qua
1061 270 1143 308 una
1159 265 1320 321 praesta-

197 332 286 358 mus
314 323 468 374 belluis,
496 339 565 377 per
595 339 713 377 quam
743 324 960 375 conjectura
987 325 1174 371 valemus,
1203 336 1322 374 argu-

198 383 433 426 mentamur‚
462 379 686 428 refellimus,
725 379 958 426 disserimus,
997 378 1219 416 conficimus
1251 377 1324 415 ali-

200 429 310 479 quid,
347 433 625 481 concludimus,
662 442 760 472 certe
799 441 854 471 est
891 432 1120 480 communis,
1150 430 1324 469 doctrina

200 482 392 533 differens,
422 487 589 525 discendi
620 488 777 549 quidem
807 487 988 525 facultate
1015 500 1097 538 par.
1146 486 1254 523 Nam
1286 492 1325 522 et

201 538 374 578 sensibus
389 541 521 580 eadem
540 542 671 579 omnia
684 541 1085 592 comprehenduntur;
1106 546 1143 578 et
1158 552 1216 586 ea,
1237 551 1325 590 quae

201 602 357 631 movent
370 608 521 657 sensus,
542 596 677 634 itidem
691 602 848 634 movent
866 594 1070 633 omnium:
1101 606 1265 645 quaeque
1282 592 1325 630 13

202 645 342 685 animis
367 649 646 700 imprimuntur
673 649 737 692 (de
755 649 896 700 quibus
915 656 1003 686 ante
1021 648 1120 695 dixi)
1139 647 1327 685 inchoatae

201 699 479 753 intelligentiae,
500 703 702 742 similiter
691 716 732 742 111
747 703 925 742 omnibus
943 702 1245 753 imprimuntur·
1265 701 1327 738 in-

204 760 424 808 terpresque
450 765 505 796 est
529 758 670 796 mentis
694 757 828 806 oratio,
848 756 972 795 verbis
991 756 1222 806 discrepans,
1242 766 1328 793 sen-

203 810 333 848 tentiis
363 823 588 862 congruens.
631 812 716 850 Nec
741 819 797 849 est
821 811 1028 862 quisquam
1053 808 1177 861 gentis
1194 808 1328 869 ullius,

205 863 289 913 qui,
320 864 458 903 ducem
482 873 661 904 naturam
686 872 834 913 nactus,
860 864 910 902 ad
934 864 1115 902 virtutem
1133 861 1332 915 pervenire

205 929 284 956 non
303 919 433 970 possit.

262 972 342 1011 XI.
373 974 457 1012 Nec
482 972 644 1012 3011113
632 986 673 1010 1n
698 973 821 1021 rectis,
849 972 914 1010 sed
940 972 1055 1010 etiam
1073 972 1114 1010 in
1133 969 1333 1023 pravitati-

207 1027 326 1075 bus,
315 1027 476 1078 msignis
494 1035 550 1065 est
567 1027 729 1065 humani
747 1026 895 1078 generis
920 1026 1155 1064 similitudo·
1185 1037 1277 1062 nam
1296 1030 1337 1062 et

208 1081 406 1132 voluptate
425 1081 630 1132 capiuntur
648 1093 805 1127 omnes;
836 1094 938 1132 quae,
968 1079 1037 1118 etsi
1054 1079 1230 1118 illecebra
1248 1085 1332 1116 tur-

209 1135 410 1186 pitudinis,
451 1142 581 1173 tamen
617 1135 733 1173 habet
771 1134 956 1195 quiddam
993 1134 1117 1172 simile
1149 1131 1335 1170 naturalis

212 1189 328 1228 boni:
363 1188 559 1241 [lenitate]
582 1189 685 1227 enim
713 1197 750 1227 et
779 1188 963 1227 suavitate
981 1188 1185 1234 delectans,
1214 1186 1267 1224 sic
1285 1187 1335 1224 ab

212 1256 336 1282 errore
353 1243 507 1289 mentis,
524 1251 725 1308 tamquam
740 1243 903 1281 salutare
917 1242 1077 1303 aliquid,
1093 1240 1334 1279 adsciscitur:

212 1297 408 1358 similique
425 1297 574 1335 inscitia
593 1310 696 1335 mors
719 1297 883 1348 fugitur,
911 1296 1020 1357 quasi
1045 1294 1243 1333 dissolutio
1267 1306 1337 1331 na-
1400 1288 1403 1289 ⁷

214 1359 338 1398 turae,
327 1365 337 1375 ·
368 1351 447 1389 vita
465 1351 669 1402 expetitur,
699 1352 790 1412 quia
808 1364 891 1397 nos,
920 1351 961 1388 in
985 1363 1063 1401 quo
1088 1349 1169 1388 nati
1188 1361 1338 1395 sumus,

214 1406 408 1445 continet.
439 1405 575 1444 dolor
564 1418 605 1444 m
622 1405 804 1443 maximis
822 1404 934 1442 malis
953 1404 1119 1450 ducitur,
1148 1415 1238 1442 cum
1266 1415 1340 1441 sua

214 1459 431 1512 asperitate,
460 1467 546 1498 tum
565 1459 670 1512 quod
688 1467 835 1497 naturae
853 1458 1028 1497 interitus
1047 1457 1198 1496 videtur
1216 1455 1339 1507 sequi.

215 1514 458 1565 Propterque
475 1513 682 1552 honestatis
698 1521 734 1551 et
748 1514 880 1564 gloriae
894 1511 1201 1574 similitudinem,
1220 1510 1339 1571 beati,

217 1568 287 1620 qui
304 1567 482 1606 honorati
500 1576 604 1617 sunt,
625 1567 827 1613 videntur;
857 1566 987 1605 miseri
1011 1574 1156 1613 autem,
1188 1564 1263 1626 qui·
1279 1564 1341 1602 in-

216 1622 342 1674 glorii.
384 1622 764 1670 Molestiae,1aetitiae‚
785 1621 1025 1673 cupiditates,
1045 1620 1214 1681 timores,
1235 1618 1342 1657 simi-

217 1677 305 1715 liter
324 1677 500 1715 omnium
519 1684 666 1714 mentes
684 1683 964 1736 pervagantur.
994 1687 1079 1723 nec,
1100 1674 1132 1712 31
1145 1672 1344 1724 opiniones

217 1732 304 1770 aliae
323 1738 414 1769 sunt
431 1730 536 1782 apud
555 1730 663 1777 alios,
682 1729 836 1778 idcirco,
857 1729 926 1781 qui
944 1741 1078 1768 canem
1093 1736 1130 1767 et
1148 1727 1279 1774 felem,
1298 1732 1344 1764 ut

219 1786 339 1833 Deos,
360 1785 506 1833 colunt,
526 1797 604 1823 non
628 1784 762 1833 eadem
787 1783 1066 1835 superstitione,
1097 1795 1176 1834 qua
1201 1788 1347 1820 caeterae

219 1848 366 1892 gentes,
395 1813 670 1878 conflictantur.
719 1837 822 1887 Quae
846 1845 976 1876 autem
1001 1836 1106 1875 natio
1129 1848 1207 1874 non
1226 1833 1346 1873 comi-

222 1902 356 1942 tatem,
385 1906 464 1932 non
491 1893 783 1944 benignitatem,
812 1904 890 1931 non
919 1899 1074 1943 gratum
1103 1890 1279 1928 animum
1308 1895 1347 1927 et

222 1948 398 1988 beneficii
415 1960 641 1994 memorem,
662 1947 811 1997 diligit.
801 1949 819 1974 ⁹
839 1960 927 1998 quae
945 1946 1141 1997 superbos,
1162 1956 1250 1995 quae
1262 1955 1347 1981 ma-

223 2003 366 2050 leficos,
387 2015 474 2054 quae
493 2001 678 2048 crudeles,
699 2015 786 2052 quae
803 2000 972 2052 ingratos
991 2012 1068 2038 non
1083 1998 1347 2049 adspernatur,

222 2071 302 2097 non
320 2057 422 2095 odit
411 2056 428 2082 ‘³
458 2056 613 2117 Quibus
633 2069 681 2094 ex
699 2057 826 2102 rebus,
847 2067 937 2093 cum
955 2066 1070 2092 omne
1086 2065 1208 2104 genus
1222 2050 1349 2089 homi-

225 2125 323 2151 num
342 2111 528 2149 sociatum
546 2110 646 2148 inter
670 2123 709 2148 se
732 2122 811 2148 osse
834 2108 1083 2158 intelligatur,
1108 2105 1207 2144 inud
1226 2113 1350 2143 extre-

224 2179 336 2206 mum
367 2172 436 2213 est,
461 2163 565 2216 quod
591 2172 689 2202 recte
718 2163 871 2201 vivendi
897 2162 992 2200 ratio
1017 2160 1193 2199 meliores
1223 2158 1349 2200 efficit.

227 2222 329 2271 Quae
347 2219 379 2259 si
399 2218 633 2272 approbatis,
654 2230 813 2270 pergam
832 2217 882 2257 ad
900 2216 1071 2267 reliqua:
1103 2214 1161 2254 sin
1180 2213 1275 2265 quid
1293 2226 1351 2250 re-
