1470 2402
117 79 197 118 430
453 79 708 120 TIMAEUS.
731 80 838 121 CAP.
855 83 898 120 2.

171 187 230 227 11.
259 187 370 236 Quid
388 196 458 239 est,
478 190 584 242 quod
613 203 764 243 semper
793 190 856 238 sit,
882 202 1009 242 neque
1025 190 1154 228 ullum
1170 188 1242 228 ha-

115 243 204 281 beat
234 250 364 282 ortum
378 246 396 283 ?
425 252 463 283 et
495 245 601 296 quod
631 245 825 297 gignatur,
858 257 927 284 nec
959 256 1134 296 unquam
1159 243 1240 283 sit?

115 295 298 344 Quorum
318 298 482 337 alterum
500 299 756 351 intelligentia
775 308 812 338 et
830 300 976 338 ratione
993 298 1242 350 comprehen-

114 351 233 400 ditur,
254 352 360 403 quod
378 365 502 391 unum
521 367 671 407 semper
690 363 805 406 atque
824 353 927 393 idem
946 361 1028 393 est:
1059 353 1239 400 alterum,

113 406 220 458 quod
249 406 359 446 affert
383 407 603 460 opinionem
632 422 700 461 per
728 421 875 457 sensus,
894 407 1053 451 rationis
1077 420 1239 460 expers;

114 460 220 512 quod
238 468 363 500 totum
382 462 574 514 opinabile
593 474 661 512 est,
681 463 722 502 id
746 463 932 515 gignitur,
953 471 991 502 et
1007 462 1152 509 interit,
1171 474 1243 500 nec

112 527 287 567 unquam
303 529 381 555 esse
399 530 485 556 vere
504 526 638 570 potest.
683 517 814 557 Omne
832 527 977 565 autem,
997 517 1102 569 quod
1112 516 1240 568 gigni-

112 575 190 617 tur,
207 583 256 608 ex
275 571 407 623 aliqua
421 573 536 610 causa
554 573 661 624 gigni
679 585 828 612 necesse
847 581 903 611 est
919 585 938 611 :⁴
961 572 1107 610 nullius
1134 571 1238 609 enim

111 624 179 672 rei,
201 626 316 664 caus&⁴
335 627 496 675 remota,
516 627 673 679 reperiri
691 627 798 679 origo
815 635 951 680 potest.
981 626 1187 675 Quocirca,
1208 625 1240 664 si

110 678 158 726 is,
193 679 262 731 qui
291 680 448 732 aliquod
478 694 622 720 munus
652 681 798 721 efficere
827 682 1001 731 molitur,
1033 693 1119 719 eam
1152 693 1239 732 spe-

110 733 224 781 ciem,
246 748 334 786 quae
353 748 502 788 semper
527 745 583 774 est
602 736 749 783 endem,
765 737 991 785 intuebitur,
1011 744 1128 787 atque
1152 747 1238 774 eam

110 788 184 826 sibi
202 797 389 841 proponet
409 791 619 843 exemplar,
635 791 863 843 praeclarum
887 804 985 844 opus
999 789 1150 837 efficiat,
1171 802 1239 828 ne-

109 855 210 881 cesse
225 852 292 882 est.
323 844 392 883 Sin
411 854 541 884 autem
560 846 683 894 illam,
697 860 786 898 quae
803 846 976 898 gignitur
991 859 1004 891 ;
1034 856 1238 896 nunquam

110 897 235 946 illam,
264 912 383 950 quam
416 908 582 953 expetet,
616 901 944 953 pulchritudinem
974 906 1237 951 consequetur.

109 950 243 991 Omne
270 953 388 1005 igitur
413 956 566 1003 coelum,
588 956 665 994 sive
694 955 879 1003 mundus,
900 955 978 994 sive
1003 953 1138 1006 quovis
1163 953 1240 992 alio

108 1008 296 1046 vocabulo
310 1008 466 1059 gaudet,
480 1009 552 1048 hoc
571 1023 594 1048 a
611 1010 722 1049 nobis
740 1018 984 1062 nuncupatus
996 1010 1056 1048 sit.
1085 1008 1148 1046 De
1160 1021 1238 1060 quo

109 1061 151 1099 id
165 1061 338 1113 primum
353 1063 648 1113 consideremus,
669 1065 774 1117 quod
792 1064 979 1117 principio
998 1071 1054 1102 est
1071 1063 1113 1101 in
1131 1062 1239 1101 omni

109 1116 321 1168 quastione
357 1118 690 1167 considerandum,
729 1132 927 1172 semperne
962 1117 1093 1164 fuerit,
1127 1117 1238 1156 nullo

108 1178 312 1221 generatus
347 1180 434 1211 ortu
451 1186 463 1220 ;
504 1186 554 1213 an
587 1184 693 1213 ortus
727 1174 774 1213 sit
805 1176 854 1213 ab
891 1173 1021 1226 aliquo
1053 1171 1237 1224 temporis

105 1224 358 1278 principatu?
388 1226 510 1274 Ortus
540 1236 610 1276 est,
641 1228 954 1282 quandoquidem
984 1226 1167 1276 cernitur,
1198 1233 1237 1264 et

104 1279 293 1331 tangitur,
321 1287 358 1319 et
383 1288 438 1320 est
468 1282 642 1335 undique
670 1291 902 1336 corporatus.
932 1281 1080 1322 Omnia
1102 1287 1233 1330 autem

106 1333 200 1372 talia
217 1347 373 1373 sensum
391 1345 571 1376 movent:
603 1340 809 1390 sensusque
822 1336 1015 1376 moventia
1026 1349 1115 1389 quae
1128 1342 1234 1386 sunt,

106 1387 243 1427 eadem
271 1389 312 1428 in
331 1389 550 1442 opinatione
568 1392 786 1441 considunt,
816 1405 904 1445 quae
921 1398 1050 1430 ortum
1075 1389 1232 1440 habere,

104 1442 290 1495 gignique
309 1443 480 1484 diximus
496 1461 506 1484 :
537 1446 636 1484 nihil
650 1454 780 1486 autem
798 1446 908 1500 gigni
925 1459 1035 1498 posse
1047 1445 1128 1496 sine
1142 1457 1233 1483 αλιι-

104 1497 166 1536 sis.
196 1497 333 1550 Atque
356 1499 469 1538 illum
489 1500 647 1553 quidem
666 1501 776 1554 quasi
790 1512 989 1554 parentem
1007 1500 1126 1550 hujus
1144 1499 1233 1537 uni-

102 1550 290 1591 versitatis
314 1553 498 1603 invenire,
520 1555 698 1595 difficile:
730 1563 781 1606 et,
808 1569 898 1595 cum
920 1556 1003 1605 jam
1027 1554 1231 1601 inveneris,

104 1604 273 1645 indicare
290 1607 331 1646 in
351 1609 506 1661 vulgus,
526 1610 644 1649 nefas.
693 1610 844 1650 Rursus
862 1610 981 1662 igitur
1003 1609 1229 1658 videndum,

101 1659 168 1699 ille
185 1660 390 1702 fabricator
409 1664 506 1703 tanti
525 1665 649 1717 operis
673 1672 807 1704 utrum
826 1664 875 1703 sit
899 1663 1073 1702 imitatus
1101 1675 1232 1702 exem-

101 1714 201 1766 plar,
220 1715 312 1755 idne
334 1717 439 1769 quod
457 1732 606 1771 semper
625 1731 749 1758 unum
776 1728 814 1758 et
830 1719 935 1758 idem
953 1725 991 1758 et
1010 1718 1071 1757 sui
1091 1717 1230 1768 simile,

102 1781 152 1806 an
170 1769 211 1808 id
231 1771 336 1822 quod
352 1781 578 1824 generatum
597 1782 802 1826 ortumque
820 1773 996 1812 dicimus.
1035 1771 1179 1824 Atqui,
1199 1771 1232 1810 si

101 1823 263 1874 pulcher
281 1833 336 1864 est
363 1825 426 1865 hic
444 1828 628 1876 mundus,
649 1829 681 1867 si
698 1830 842 1881 probus
861 1829 943 1878 ejus
969 1827 1120 1874 artifex,
1140 1839 1230 1878 pro-

100 1876 200 1916 fecto
225 1879 389 1931 speciem
420 1882 640 1922 aeternitatis
669 1883 812 1921 imitari
841 1882 1003 1921 maluit:
1034 1881 1093 1920 sin
1123 1893 1230 1919 secus

102 1932 225 1983 (quod
251 1945 300 1971 ne
321 1934 427 1973 dictu
453 1936 611 1987 quidem
640 1937 698 1976 fas
727 1945 814 1985 est),
846 1944 1072 1988 generatum
1097 1947 1229 1974 exem-

98 1986 211 2039 plum
238 1995 293 2026 est
315 2001 386 2039 pro
411 1998 552 2029 aeterno
577 1999 740 2030 secutus.
785 1991 879 2031 Non
906 1991 1024 2043 igitur
1046 1989 1226 2038 dubium,

100 2039 197 2096 quin
227 2041 477 2082 aeternitatem
507 2045 687 2084 maluerit
715 2045 887 2098 exsequi,
911 2042 1227 2098 quandoquidem

99 2105 226 2146 neque
243 2095 392 2137 mundo
410 2097 626 2149 quidquam
644 2099 860 2151 pulchriuS,
886 2111 1012 2152 neque
1031 2099 1115 2149 ejus
1133 2096 1227 2146 aedif

101 2147 256 2187 ficatore
282 2151 537 2201 praestantius.
575 2153 639 2192 Sic
664 2166 753 2205 ergo
781 2160 998 2208 generatus»,
1016 2151 1067 2191 ad
1097 2147 1138 2190 id
1167 2158 1226 2190 est
1247 2184 1259 2193 .

97 2201 266 2252 effectus,
286 2204 390 2256 quod
415 2205 562 2246 ratione
585 2207 848 2260 sapientiaque
872 2206 1222 2259 eomprehendiuu.
