1470 2402
129 88 208 126 202
310 87 388 126 DE
417 86 490 127 OF
495 87 682 136 FICIIS,
713 87 814 125 Iam.
836 86 871 125 1.
901 86 1008 125 CAP.
1028 87 1068 125 3.

129 194 349 234 definitione
365 195 575 248 proficisci;
606 203 650 234 ut
674 194 923 246 intelligatur,
943 193 1039 246 quid
1056 192 1106 232 sit
1126 191 1182 242 id,
1199 191 1249 233 de

131 262 210 301 quo
228 249 313 301 disp
314 258 455 289 utetur.

186 303 269 342 ΙΙΙ.
287 264 439 343 POmnis
458 304 505 343 de
523 303 645 343 officio
663 303 808 355 duplex
825 310 881 342 est
899 301 1069 354 quastio-
1108 301 1248 340 Unum

131 369 253 408 genus
281 365 349 405 est,
377 359 481 410 quod
505 359 668 410 pertinet
692 358 742 396 ad
766 357 883 396 finem
904 359 1120 402 bonorum3
1154 355 1249 393 alte-

131 423 234 457 rum,
251 413 355 463 quod
372 413 540 473 positum
556 421 611 451 est
629 413 670 450 in
683 412 895 473 praeceptis,
910 410 1074 463 quibus·
1064 422 1105 448 m
1119 421 1250 448 omnes

131 473 257 515 partes
271 479 363 505 usus
377 467 465 505 vitae
479 467 706 505 conformari
719 467 847 517 possit.
876 464 1089 516 Superioris
1103 462 1252 514 generis

132 519 356 568 hujusmodi
381 521 557 573 exempla
581 528 696 559 sunt.
726 519 922 559 Omniane
943 518 1067 558 officia
1083 517 1251 578 perfecta

133 573 232 612 sint.
224 576 241 601 ⁹
270 586 367 612 num
392 575 496 636 quod
522 575 691 613 officium
716 573 822 613 aliud
848 573 923 612 alio
947 573 1075 622 majus
1099 571 1179 610 sit?
1213 577 1252 608 et

134 640 223 678 quae
241 637 331 666 sunt
355 629 502 680 generis
528 629 711 678 ejusdem.
752 628 933 677 Quorum
957 635 1087 666 autem
1111 624 1253 664 officio-

133 693 224 719 rum
255 691 442 734 praecepta
473 683 690 731 traduntur,
724 695 768 721 ea
800 694 1039 734 quamquam
1064 679 1256 739 pertinent

134 735 185 773 ad
214 735 331 774 finem
357 738 561 785 bonorum,
588 746 717 776 tamen
741 736 783 776 id
807 737 936 774 minus
963 741 1135 787 apparet,
1162 732 1255 793 quia

134 789 257 839 magis
276 791 325 828 ad
350 791 630 830 institutionem
652 791 740 829 vitae
765 789 980 829 communis
1006 795 1173 840 spectare
1199 785 1255 825 vi-

134 842 301 883 dentur:
325 844 373 884 de
389 845 531 906 quibus
550 854 606 884 est
623 846 732 884 nobis
749 845 809 883 his
827 844 934 882 libris
953 841 1237 895 explicandum.

187 898 324 949 Atque
350 899 465 937 etiam
490 900 566 937 alia
591 899 725 938 divisio
753 906 809 938 est
833 898 971 937 officii·
1001 910 1093 935 nam
1117 902 1155 934 et
1176 907 1257 934 me-

136 950 246 989 dium
266 953 461 1003 quoddam
479 953 647 992 officium
666 953 818 1000 dicitur,
837 959 875 990 et
897 951 1122 1003 perfectum.
1162 949 1256 987 Per-

135 1004 281 1043 fectum
317 1007 502 1056 officium,
540 1016 702 1054 rectum,
740 1007 889 1057 opinor,
922 1017 1114 1052 vocemus,
1152 1001 1257 1054 quod

136 1057 262 1098 Graeci
289 1060 530 1121 Κατορθωμοι,
549 1061 621 1099 hoc
640 1068 770 1098 autem
794 1071 998 1098 commune
1017 1057 1174 1101 Ka9mm
1194 1069 1261 1095 vo-

135 1120 237 1150 cant.
266 1112 401 1164 Atque
420 1127 464 1152 ea
482 1114 534 1152 sic
553 1114 755 1159 definiunt,
775 1120 833 1161 ut,
853 1120 1000 1151 rectum
1017 1110 1122 1162 quod
1140 1110 1202 1158 sit,
1217 1109 1260 1148 id

134 1166 347 1216 perfectum
375 1167 545 1206 officium
574 1181 653 1206 esse
680 1167 891 1213 definiant3
926 1165 1101 1204 medium
1127 1172 1257 1203 autem

135 1219 305 1258 officium
330 1220 371 1258 id
395 1233 474 1258 esse
501 1220 643 1269 (licant,
673 1220 778 1273 quod
804 1233 872 1259 cur
898 1219 1045 1259 factum
1070 1218 1134 1268 sit,
1165 1217 1262 1256 ratio

139 1274 349 1325 probabilis
367 1274 475 1313 reddi
493 1275 623 1326 possit.

192 1327 357 1379 Triplex
375 1328 493 1379 igitur
512 1337 580 1378 est,
601 1337 646 1367 ut
666 1328 838 1367 Panaetio
851 1327 1016 1375 videtur,
1035 1325 1183 1366 consilii
1201 1338 1263 1365 ca·

139 1380 271 1433 piendi
303 1382 550 1421 deliberatio:
589 1395 697 1430 nam,
725 1382 980 1421 honestumne
1006 1381 1110 1420 factu
1138 1380 1187 1418 sit
1211 1393 1263 1419 an

139 1442 267 1486 turpe,
296 1435 488 1485 dubitant,
516 1436 571 1484 id,
598 1436 703 1488 quod
729 1436 770 1474 in
798 1435 1108 1475 deliberationem
1134 1433 1259 1473 cadit:

133 1489 175 1526 in
201 1502 278 1541 quo
305 1489 576 1528 considerando
604 1503 704 1542 saepe
728 1490 850 1528 animi
876 1490 918 1528 in
945 1488 1150 1527 contrarias
1177 1500 1263 1527 sen-

134 1544 272 1582 tentias
290 1543 566 1582 distrahuntur.
597 1545 707 1583 Tum
726 1552 858 1583 autem
871 1551 939 1582 aut
953 1543 1178 1594 anquirunt,
1194 1549 1263 1580 aut

135 1598 367 1646 consultant,
383 1598 432 1637 ad
447 1599 535 1637 vitae
553 1598 867 1638 commoditatem
882 1597 1259 1648 jucunditatemque,

135 1652 185 1690 ad
203 1651 402 1691 facultates
420 1665 548 1691 rerum
567 1660 683 1705 atque
701 1653 841 1704 copias,
862 1652 912 1691 ad
935 1665 1039 1703 opes,
1060 1650 1110 1690 ad
1128 1658 1262 1702 poten-

135 1706 244 1753 tiam,
265 1706 407 1758 quibus
432 1714 469 1745 et
487 1721 526 1745 se
544 1707 691 1758 possint
711 1708 859 1756 juvare,
887 1714 925 1745 et
951 1718 1053 1753 suos,
1074 1704 1261 1744 conduoet

136 1759 192 1805 id,
212 1771 344 1808 necne,
363 1761 411 1799 de
429 1774 507 1812 quo
525 1761 760 1800 deliberant:
790 1773 878 1813 quae
896 1759 1118 1798 deliberatio
1136 1758 1260 1797 omnis

136 1812 178 1851 in
197 1814 383 1854 rationem
397 1815 571 1854 utilitatis
586 1816 698 1853 cadit.
729 1814 909 1853 Tertium
922 1812 1126 1852 dubitandi
1139 1825 1260 1863 genus

137 1874 208 1914 est,
229 1880 318 1906 cum
343 1881 516 1920 pugnare
534 1869 684 1908 videtur
709 1881 800 1907 cum
825 1869 984 1908 honesto
1006 1867 1061 1916 id,
1081 1866 1185 1919 quod
1203 1866 1259 1904 vi-

137 1920 250 1959 detur
279 1935 357 1960 esse
386 1923 492 1961 utile.
535 1923 637 1962 Cum
668 1923 771 1961 enim
798 1923 943 1961 utilitas
969 1922 1020 1960 ad
1047 1934 1087 1959 se
1111 1932 1256 1971 rapere,

138 1974 314 2013 honestas
333 1984 462 2014 contra
480 1990 652 2016 revocare
671 1977 719 2016 ad
734 1990 773 2015 se
791 1976 965 2022 videtur;
991 1976 1048 2022 fit,
1064 1982 1106 2013 ut
1123 1974 1259 2012 distra-

139 2027 254 2067 hatur
278 2029 522 2070 deliberando
549 2031 716 2079 animus,
736 2030 945 2083 afferatque
962 2028 1168 2080 ancipitem
1193 2040 1260 2066 cu-

141 2093 225 2120 ram
245 2083 450 2133 cogitandi.

195 2135 283 2174 Hac
306 2137 502 2187 divisione,
523 2140 630 2182 (cum
658 2138 848 2190 praeterire
868 2136 1016 2189 aliquid
1044 2135 1261 2174 maximum

141 2188 278 2229 vitium
297 2190 337 2229 in
356 2191 559 2232 dividendo
578 2192 643 2240 sit)
661 2192 740 2231 duo
760 2192 1015 2244 praetermissa
1033 2197 1134 2229 sunt.
1176 2189 1260 2229 Nec
