1470 2402
315 150 394 193 DE
423 147 693 198 OFF1cns‚
726 148 826 190 Lm.
849 148 907 190 Π.
938 148 1045 190 CAP.
1065 151 1103 190 2.
1196 151 1276 197 257

136 258 254 302 unius
271 259 405 299 omnia
422 267 657 310 tenerentur,
677 271 804 312 neque
822 267 918 300 efflet
936 272 1104 312 usquam
1114 260 1272 300 consilio

135 322 205 355 aut
224 314 441 354 auctoritati
453 315 587 361 locus;
618 313 738 353 socios
762 314 930 367 denique
958 314 1113 354 tuendae
1140 315 1270 367 reipu-

128 369 259 416 *blicae‚
289 381 463 409 summos
482 369 596 417 viros,
626 368 865 416 amisissem3
895 381 964 408 nec
983 381 1047 407 me
1060 370 1268 421 angoribus

131 423 276 472 dedidi,
306 424 448 476 quibus
467 437 588 463 essem
611 423 820 472 confectus,
849 423 923 462 nisi
948 423 995 462 iis
1019 424 1266 471 restitissemg

131 490 203 518 nec
219 491 374 518 rursum
393 478 562 529 indignis
580 477 739 517 homine
755 478 868 518 docto
885 478 1160 530 voluptatibus.

185 532 323 585 Atque
350 532 503 571 utinam
532 532 748 584 respublica
777 532 954 582 stetisset,
980 545 1060 584 quo
1085 540 1263 584 coeperat,

130 594 250 637 statu,
270 600 340 626 nec
357 587 399 626 in
416 586 607 635 homines,
627 599 707 625 non
726 594 808 625 tam
827 586 1190 626 commutandarum
1204 600 1264 626 re-

129 654 234 691 rum,
264 654 385 694 quam
410 641 703 680 evertendarum
725 641 898 693 cupidos,
926 641 1144 680 incidisset!
1176 641 1265 680 Pri-

129 708 242 735 mum
257 696 376 743 enim,
405 703 450 734 ut
469 702 593 734 stante
611 695 809 747 republica
826 695 951 735 facere
969 695 1201 744 solebamus,
1220 696 1262 735 in

127 750 278 802 agendo
295 750 398 802 plus,
428 763 548 801 quam
567 749 608 788 in
628 749 840 797 scribendo,
861 763 986 801 operae
1003 762 1234 802 poneremus
1248 765 1260 789 ε

123 804 280 853 deinde,
306 805 399 856 ipsis
418 804 566 856 scriptis
584 816 662 842 non
682 817 727 843 ω
752 817 840 856 quae
864 816 982 853 nunc,
1003 804 1070 843 sed
1094 804 1262 844 actiones

125 867 290 907 nostras,
310 858 598 906 mandaremus,
615 865 660 896 ut
678 871 778 910 saepe
796 858 970 897 fecimus.
1005 858 1110 897 Cum
1128 866 1260 897 autem

126 914 357 966 respublica,
378 913 419 952 in
438 913 518 965 qua
535 912 662 951 omnis
679 925 768 951 mea
785 925 891 962 cura,
910 912 1104 964 cogitatio,
1128 925 1258 965 opera,

127 968 222 1020 poni
247 968 406 1015 solebat,
432 967 544 1006 nulla
569 973 665 1006 esset
689 967 862 1016 omnino,
886 967 964 1005 illae
983 967 1125 1006 scilicet
1141 968 1262 1007 literae

126 1023 406 1069 conticuerunt,
435 1021 602 1060 forenses
621 1028 659 1060 et
677 1021 886 1060 senatoriae.
929 1020 1044 1059 Nihil
1062 1034 1174 1073 agere
1192 1035 1263 1060 au-

125 1084 208 1116 tem
233 1089 324 1116 cum
342 1077 496 1115 animus
520 1088 598 1114 non
623 1087 764 1126 posset,
793 1075 835 1113 in
849 1075 910 1114 his
928 1075 1064 1114 studiis
1082 1078 1132 1115 ab
1151 1076 1262 1115 initio

127 1139 298 1171 versatus
329 1131 477 1176 aetatis3
515 1130 746 1178 existimavi,
775 1128 1040 1168 honestissime
1068 1130 1263 1170 molestias

124 1198 236 1238 posse
254 1185 410 1238 deponi,
431 1185 464 1224 si
477 1197 541 1223 me
559 1184 609 1223 ad
627 1184 912 1237 philosophiam
926 1184 1154 1223 retulissem.
1184 1184 1262 1224 Cui

122 1253 217 1280 cum
245 1240 418 1279 multum
447 1239 680 1287 adolescens,
711 1238 882 1278 discendi
913 1238 1042 1287 causa,
1077 1239 1261 1290 temporis

121 1295 370 1342 tribuissem3
399 1301 532 1346 postea
560 1306 681 1346 quam
705 1293 916 1332 honoribus
940 1292 1122 1332 inservire
1146 1293 1258 1345 coepi,

123 1362 266 1402 meque
279 1357 406 1388 totum
424 1348 646 1401 reipublicae
663 1347 803 1386 tradidi
817 1361 829 1395 ς
859 1354 1014 1386 tantum
1033 1354 1115 1386 erat
1132 1347 1261 1400 philo-

122 1404 270 1456 sophiae
286 1404 375 1452 loci,
400 1410 592 1455 quantum
617 1401 859 1454 superfuerat
882 1401 1096 1441 amicorum
1121 1410 1159 1441 et
1186 1402 1259 1441 rei-

122 1458 290 1511 publicae
308 1457 558 1510 temporibus.
595 1457 646 1496 Id
664 1464 796 1497 autem
820 1469 936 1496 omne
960 1458 1260 1496 consumebatur

123 1513 167 1552 in
185 1512 373 1565 legendo:
404 1510 593 1551 scribendi
611 1510 736 1550 otium
754 1523 833 1550 non
852 1518 945 1550 erat.

180 1568 240 1606 ΙΙ.
269 1566 462 1607 Maximis
479 1565 599 1618 igitur
617 1565 659 1604 in
677 1565 805 1614 malis,
833 1565 908 1604 hoc
926 1572 1058 1604 tamen
1079 1564 1173 1604 boni
1198 1576 1258 1604 as,-

125 1621 248 1662 secuti
270 1621 462 1670 videmur,
489 1627 534 1659 ut
559 1633 605 1659 ea
627 1620 748 1659 literis
773 1620 1062 1667 mandaremus,
1081 1631 1170 1671 quae
1187 1631 1259 1658 nee

123 1676 218 1716 satis
247 1682 356 1715 erant
376 1682 469 1714 nota
491 1674 644 1723 nostris,
676 1682 714 1713 et
740 1681 848 1712 erant
871 1673 1087 1725 cognitione
1113 1672 1259 1724 dignis-

126 1731 239 1770 sima.
269 1729 380 1778 Quid
398 1736 455 1768 est
473 1729 578 1767 enim
598 1731 684 1780 (per
702 1728 809 1768 Deos
824 1728 854 1776 ἱ)
883 1727 1091 1779 optabilius
1109 1727 1262 1778 sapien-

125 1785 182 1824 tia
195 1787 214 1824 Ρ
242 1784 339 1837 quid
360 1783 603 1836 praestantius
617 1785 635 1822 Ρ
664 1782 761 1834 quid
790 1781 941 1821 homini
964 1781 1135 1822 melius?
1163 1781 1260 1833 quid

125 1839 283 1879 homine
301 1838 455 1890 dignius
469 1839 487 1876 ?
528 1837 645 1876 Hanc
669 1836 788 1888 igitur
811 1836 880 1888 qui
905 1843 1106 1888 expetunt,
1133 1835 1260 1886 philo-

124 1894 237 1946 sophi
261 1893 536 1938 nominantur3
566 1904 636 1930 nec
655 1891 873 1943 quidquam
891 1890 998 1929 aliud
1018 1897 1074 1930 est
1092 1889 1261 1942 philoso-

124 1949 233 2002 phia,
263 1948 296 1986 si
313 1946 553 1999 interpretari
577 1945 685 1995 velis,
711 1958 832 1997 quam
858 1944 1031 1984 studium
1050 1943 1258 1996 sapientiae.

124 2002 325 2056 Sapientia
343 2009 475 2041 autem
494 2008 550 2039 est
570 2003 632 2044 (ut
656 2013 680 2038 a
698 1999 889 2039 veteribus
906 1998 1260 2052 philosophisdefi-

124 2058 254 2097 nitum
274 2063 347 2105 est)
366 2068 496 2094 rerum
515 2055 735 2094 divinarum
762 2061 800 2093 et
822 2054 1100 2102 humanarum,
1127 2066 1260 2092 causa-

125 2124 294 2164 tumque
323 2110 466 2163 quibus
489 2110 551 2148 hae
569 2123 628 2148 res
647 2109 906 2156 continentur,
934 2107 1118 2154 scientia;
1148 2109 1261 2157 cujus

123 2167 300 2207 studium
313 2164 384 2217 qui
401 2165 607 2216 vituperat,
627 2163 733 2202 haud
752 2176 843 2203 sane
860 2163 1049 2215 intelligo,
1070 2162 1259 2214 quidnam

122 2222 192 2273 sit,
225 2220 332 2274 quod
360 2218 601 2259 laudandum
631 2225 753 2272 putet.
795 2218 932 2310 Nam}
949 2217 1032 2257 sive*
1059 2216 1260 2270 oblectatio

849 2284 877 2312 z
