1470 2402
223 92 302 133 DE
321 91 743 142 DIVINATIONE,
763 91 864 131 Lm.
885 92 947 133 11.
969 93 1072 135 CAP.
1088 95 1153 142 47.
1209 98 1263 138 89

140 200 262 243 tiones
278 201 394 240 habet
407 204 425 241 Ρ
446 215 541 254 quas
555 201 714 253 quidem
731 214 948 253 percurrere
963 203 1131 242 oratione
1149 204 1263 244 facile

140 263 221 301 est;
252 255 346 306 quid
363 257 461 294 inter
481 256 599 293 Indos
618 263 655 293 et
674 256 823 304 Persas,
851 256 1057 307 AEthiopas
1082 265 1118 295 et
1143 259 1259 309 Syros

137 309 301 356 differat,
323 310 554 361 corporibus,
583 309 746 354 animis3
776 317 820 347 ut
845 309 1074 348 incredibilis
1099 312 1259 351 varietas

137 363 482 415 dissimilitudoque
501 364 560 401 sit.
589 363 654 401 Ex
673 376 750 414 quo
769 363 1006 415 intelligitur,
1028 365 1115 415 plus
1140 373 1258 403 terra-

137 430 225 455 rum
247 418 354 465 situs,
368 431 487 469 quam
504 418 607 455 lunae
623 416 799 468 [tactus,]
814 417 862 454 ad
874 418 1106 455 nascendum
1119 420 1255 458 valere.

137 471 259 520 Nam,
280 471 383 522 quod
402 472 522 519 aiunt,
548 471 827 522 quadringenta
846 480 882 509 et
901 472 1140 522 septuaginta
1164 473 1254 510 mil-

133 525 188 563 lia
213 538 401 563 annorum
426 526 467 562 in
492 523 748 576 periclitandis
775 525 1087 576 experiendisque
1112 527 1253 576 pueris,

134 579 370 631 quicumque
389 587 510 617 essent
529 579 622 626 nati,
643 579 878 629 Babylonios
896 579 1078 630 posuisse,
1098 580 1251 618 fallunt.

135 632 179 670 Si
197 633 300 670 enim
319 641 413 672 esset
431 633 660 679 factitatum,
687 644 765 670 non
784 641 878 670 esset
896 633 1072 671 desitum.
1114 634 1154 671 N
1158 634 1254 672 emi-

133 698 223 724 nem
243 694 371 725 autem
389 687 576 725 habemus
594 695 801 735 auctorem,
822 687 889 738 qui
906 686 947 724 id
961 694 1028 725 aut
1041 686 1122 725 fieri
1136 687 1251 737 dicat,

129 748 200 778 aut
217 740 363 779 factum
381 741 485 779 sciat.

186 794 367 833 XLVII.
398 795 580 843 Videsne,
609 806 673 832 me
701 806 779 832 non
810 807 853 832 ea
882 794 1003 832 dicere
1035 808 1122 845 quae
1154 794 1249 834 Car-

130 848 283 896 neades,
313 848 378 887 sed
408 862 451 887 ea
481 862 568 900 quae
592 848 766 899 princeps
797 849 1013 886 Stoicorum
1038 849 1247 898 Panaetius,

129 902 269 940 dixerit
282 905 300 941 Ρ
339 902 427 953 Ego
455 911 584 940 autem
615 902 730 939 etiam
760 901 831 939 hoc
859 902 1023 953 requiro,
1053 915 1247 951 omnesne,

127 956 198 1007 qui
217 956 409 994 Cannensi
438 957 570 1007 pugna
600 955 826 1002 ceciderunt,
858 968 935 993 uno
965 964 1063 993 astro
1091 956 1245 995 fuerint.

128 1009 271 1048 Exitus
296 1010 453 1061 quidem
478 1009 653 1048 omnium
672 1022 772 1047 unus
792 1016 829 1047 et
853 1009 956 1047 idem
981 1009 1067 1047 fuit.
1106 1010 1213 1057 Quid
1227 1013 1246 1049 Ξ)

123 1064 197 1116 qui
214 1064 366 1114 ingenio
385 1071 500 1115 atque
525 1064 654 1101 animo
677 1063 898 1114 singulares,
919 1075 1015 1100 num
1034 1071 1133 1101 astro
1151 1077 1247 1115 quo-

127 1131 203 1169 que
228 1119 338 1156 uno?
367 1117 471 1169 quod
501 1117 603 1155 enim
629 1125 794 1168 tempus,
821 1130 898 1167 quo
922 1129 999 1154 non
1025 1117 1246 1156 innumera-

125 1172 222 1210 biles
240 1179 442 1209 nascantur
456 1174 474 1210 Ρ
503 1179 542 1209 at
561 1179 659 1209 certe
678 1171 810 1209 similis
830 1183 942 1208 nemo
959 1170 1133 1208 Homeri.
1173 1171 1244 1220 Et,

122 1225 157 1264 si
176 1226 224 1264 ad
248 1238 329 1263 rem
347 1226 524 1277 pertinet,
545 1238 621 1276 quo
640 1224 754 1263 modo
773 1224 865 1262 coelo
890 1224 1036 1272 affecto,
1058 1226 1246 1276 composi-

123 1279 248 1331 tisque
262 1279 459 1328 sideribus,
489 1279 672 1331 quodque
685 1278 829 1316 animal
848 1278 1014 1323 oriatu13
1045 1278 1168 1316 valeat
1185 1279 1241 1328 id,

123 1345 273 1372 necesse
291 1340 359 1382 est,
380 1333 495 1372 etiam
513 1333 554 1370 in
579 1335 692 1371 rebus
719 1332 899 1370 inanimis
916 1346 926 1369 :
958 1345 1034 1383 quo
1054 1332 1148 1383 quid
1166 1333 1243 1371 dici

118 1395 244 1439 potest
268 1387 498 1425 absurdius?
540 1387 589 1425 L.
617 1386 774 1438 quidem
803 1385 988 1423 Tarutius
1018 1386 1239 1434 Firmanus,

116 1441 317 1479 familiaris
335 1448 474 1489 noster,
494 1440 534 1478 in
553 1440 686 1492 primis
701 1439 916 1478 Chaldaicis
930 1439 1139 1477 rationibus
1154 1454 1241 1478 eru-

117 1495 236 1543 ditus,
256 1495 362 1533 urbis
381 1495 495 1533 etiam
514 1503 652 1533 nostrae
670 1494 837 1531 natalem
857 1493 959 1531 diem
978 1495 1170 1544 repetebat
1189 1496 1238 1532 ab

116 1550 165 1588 iis
191 1549 396 1596 Parilibus,
427 1549 567 1600 quibus
586 1561 670 1586 eam
691 1561 714 1585 a
727 1547 898 1585 Romulo
917 1547 1109 1585 conditam
1134 1561 1239 1586 acce-

115 1603 272 1655 pimus3
305 1604 564 1654 Romamque,
583 1602 624 1639 in
640 1603 736 1652 jugo
755 1614 844 1639 cum
864 1608 958 1639 esset
975 1601 1083 1648 luna,
1103 1609 1236 1639 natam

113 1670 195 1697 esse
213 1657 385 1702 dicebat3
415 1669 484 1694 nec
503 1658 584 1706 ejus
602 1656 682 1693 fata
700 1667 832 1693 canere
850 1654 1062 1693 dubitabat.

170 1710 209 1749 O
229 1711 309 1749 vim
332 1710 546 1748 maximam
572 1709 730 1748 erroris!
761 1708 943 1746 Etiamne
967 1708 1073 1746 urbis
1098 1707 1236 1746 natalis

110 1764 195 1803 dies
224 1764 274 1802 ad
304 1764 384 1802 vim
413 1764 609 1802 stellarum
636 1771 673 1801 et
690 1763 794 1800 lunae
817 1762 1061 1813 pertinebat?
1091 1761 1124 1798 F
1126 1774 1169 1799 ac
1194 1761 1235 1799 in

109 1831 234 1871 puero
251 1817 402 1865 referre,
424 1830 472 1856 ex
497 1817 576 1869 qua
604 1816 800 1855 affectione
818 1816 901 1854 coeli
925 1816 1098 1866 primum
1125 1815 1235 1866 spiri-

113 1880 200 1912 tum
220 1872 396 1910 duxerit:
427 1883 523 1909 num
541 1871 613 1909 hoc
630 1870 671 1907 in
689 1870 819 1917 latere,
836 1877 903 1907 aut
915 1869 956 1906 in
976 1876 1170 1916 caemento,
1186 1882 1234 1907 ex

60 1957 63 1959 Α
113 1928 256 1980 quibus
288 1927 379 1964 urbs
412 1925 544 1963 effecta
580 1931 648 1971 est,
685 1923 810 1975 potuit
840 1923 996 1961 valere?
1037 1922 1112 1961 Sed
1139 1922 1234 1973 quid

111 1980 256 2033 plura?
284 1979 453 2031 quotidie
471 1978 716 2031 refelluntur..
738 1977 870 2024 Quam
887 1977 1013 2014 multa
1024 1989 1094 2027 ego
1114 1976 1233 2014 Pom-

109 2035 212 2087 peio,
226 2047 345 2086 quam
363 2033 488 2070 multa
506 2032 656 2080 Crasso,
672 2043 790 2082 quam
808 2031 933 2068 multa
950 2030 1040 2068 huic
1058 2030 1132 2080 ipsi
1147 2029 1233 2068 Cae-

112 2088 202 2136 sari,
221 2101 245 2126 a
264 2086 454 2126 Chaldaeis
473 2085 574 2124 dicta
598 2085 774 2134 memini,
794 2084 988 2122 neminem
1007 2096 1139 2122 eorum
1158 2083 1233 2121 nisi

105 2142 153 2181 in
171 2148 377 2189 senectute,
396 2140 470 2178 nisi
488 2139 607 2186 domi,
623 2138 696 2177 nisi
710 2151 799 2177 cum
818 2138 1000 2186 claritate,
1017 2150 1095 2176 esse
1112 2136 1232 2175 mori-

103 2195 269 2238 turum!
300 2202 345 2236 ut
361 2193 459 2237 1111111
477 2193 688 2247 permirum
706 2192 904 2284 videatur,3
908 2204 1145 2245 quemquam
1163 2203 1231 2231 ex-

832 2258 849 2285 1
