1470 2402
138 105 219 146 240
313 107 391 147 DE
420 107 685 158 OFFICIIS‚
705 110 806 149 LIB.
827 109 864 149 Ι.
885 109 991 150 CAP.
1017 111 1084 150 33.

137 215 306 254 amavitz
337 216 487 269 ita-que
500 226 590 257 ante
606 219 828 271 implicatur
852 219 984 272 aliquo
1006 225 1108 258 certo
1125 229 1264 271 genere

141 281 333 322 cursuque
351 272 518 322 vivendi,
539 285 658 324 quam
676 273 816 325 potuit,
831 273 937 326 quod
948 273 1140 325 optimum
1155 281 1266 321 esset,

137 323 320 372 judicare.
351 325 473 374 Nam,
505 327 611 378 quod
639 328 850 366 Herculem
881 328 1104 382 Prqdicium
1134 327 1269 366 dieunt

141 380 203 419 (ut
222 385 277 417 est
295 380 399 431 apud
418 380 735 432 Xenophontem)
747 395 835 420 cum
855 373 1028 434 primum
1046 383 1269 433 pubesceret

143 433 267 483 (quod
272 441 438 494 ’tempus
457 448 480 473 a
498 436 650 482 natura,
671 436 719 474 ad
743 435 1006 487 deligendum,
1030 448 1150 488 quam
1164 435 1270 488 quis-

143 499 219 537 que
245 487 348 526 viam
374 489 526 527 vivendi
552 490 600 528 sit
625 490 877 541 ingressurus,
898 490 1033 528 datum
1053 496 1125 537 est)
1144 491 1269 528 exisse

144 539 186 576 in
206 541 467 590 solitudinem,
488 551 604 595 atque
622 544 677 582 ibi
702 544 911 591 sedentem,
931 544 999 582 diu
1019 557 1148 583 50011111
1166 544 1270 582 mul-

146 599 310 647 tumque
339 597 546 646 dubitasse,
579 611 669 636 011111
699 598 795 636 (11135
825 606 992 637 cerneret
1021 598 1115 646 vias,
1149 610 1271 636 unam

145 647 384 701 Voluptatis,
415 652 575 690 alteram
600 653 781 700 Virtutis,
801 660 929 690 utram
956 652 1107 704 ingredi
1131 651 1271 690 melius

144 710 267 749 esset;
298 705 370 743 hoc
390 705 566 754 Herculi,
593 707 704 745 Jovis
723 715 807 745 satu
827 706 942 753 edito,
961 706 1088 758 potuit
1114 706 1272 745 fortasse

145 757 389 809 contingere.
427 760 537 799 nobis
568 773 646 799 non
682 761 791 809 item,
823 761 892 813 qui
927 760 1141 807 imitamur,
1175 773 1272 812 quos

145 811 286 863 cuique
312 813 437 852 visum
465 822 533 863 est,
561 823 676 866 atque
702 815 752 853 ad
774 827 907 853 eorum
932 814 1059 854 studia
1079 814 1273 853 instituta-

146 879 223 917 que
254 867 505 918 impellimur.
550 869 731 922 Plerique
759 876 904 917 autem,
933 868 1153 921 parentium
1174 881 1274 920 prae-

150 920 268 970 ceptis
291 921 447 969 imbuti,
475 923 524 961 ad
544 936 677 962 eorum
707 923 1022 962 consuetudinem
1052 935 1278 975 moremque

148 974 385 1014 deducimur.
415 978 502 1015 Alii
515 978 775 1016 multitudims
782 978 927 1028 judicio
938 977 1140 1023 feruntur;
1170 990 1276 1029 quae-

148 1041 225 1079 que
249 1031 387 1080 majori
413 1032 513 1083 parti
538 1032 796 1084 pulcherrima
821 1031 1013 1080 videntur,
1043 1045 1088 1070 ea
1104 1031 1278 1069 maxime

150 1091 344 1134 exoptant.
393 1086 586 1124 Nonnulli
612 1095 756 1135 tamen,
777 1087 855 1125 sive
884 1086 1063 1125 felicitate
1091 1085 1277 1137 quadam,

150 1136 229 1174 sive
247 1139 417 1177 bonitate
435 1149 596 1188 naturae,
618 1141 696 1179 sive
718 1140 937 1192 parentium
961 1139 1178 1191 disciplina,
1197 1152 1278 1179 rec-

150 1198 231 1229 tam
252 1192 339 1230 vitae
360 1195 477 1231 secuti
496 1202 586 1233 sunt
605 1195 721 1233 113111.

205 1245 418 1285 XXXIII.
450 1248 557 1286 Illud
576 1257 707 1287 autem
725 1249 896 1288 maxime
921 1262 1052 1288 rarum
1077 1261 1199 1300 genus
1221 1256 1278 1287 est

152 1312 300 1348 eorum,
321 1301 403 1352 qui,
424 1310 492 1340 aut
511 1303 757 1341 excellentis
746 1304 892 1354 ingemi
910 1303 1192 1355 magnitudine,
1212 1310 1282 1341 aut

152 1355 336 1406 praeclara
369 1356 579 1395 eruditione
609 1365 724 1409 atque
749 1356 933 1405 doctrina,
953 1365 1021 1396 aut
1049 1358 1284 1408 utraquere

153 1409 294 1456 ornati,
315 1410 483 1471 spatium
509 1410 746 1450 deliberandi
762 1412 996 1460 habuerunt,
1027 1424 1145 1464 quem
1163 1411 1283 1462 potis-

155 1462 301 1500 simum
319 1464 407 1502 vitae
426 1477 581 1503 cursum
601 1465 709 1517 sequi
737 1466 904 1504 vellent.
933 1465 975 1504 in
995 1465 1073 1517 qua
1098 1465 1285 1504 delibera-

147 1516 273 1565 tione,
294 1518 344 1556 ad
363 1531 473 1557 suam
489 1521 675 1572 cujusque
687 1528 868 1558 naturam
884 1519 1091 1558 consilium
1103 1526 1159 1558 est
1172 1531 1287 1558 omne

155 1572 426 1611 revocandum.
469 1573 590 1621 Nam,
611 1587 715 1622 cum,
731 1574 772 1612 in
791 1574 973 1613 omnibus
997 1588 1085 1626 quae
1103 1581 1286 1625 aguntur,

158 1638 207 1662 ex
226 1638 270 1664 eo
289 1626 404 1666 modo
424 1641 502 1679 quo
517 1628 680 1680 quisque
695 1636 809 1667 natus
827 1635 897 1676 est,
919 1631 980 1671 (ut
1006 1642 1123 1680 supra
1140 1628 1288 1666 dictum

157 1686 230 1727 est)
250 1680 346 1731 quid
364 1681 507 1729 deceat,
535 1682 801 1735 exquirimus,
790 1697 801 1706 ·
832 1690 918 1721 tum
936 1682 978 1720 in
998 1684 1079 1722 tota
1103 1683 1184 1721 vita
1197 1693 1288 1721 con·-

158 1733 368 1796 5111303113,
387 1736 512 1775 multo
536 1745 591 1775 est
610 1750 702 1775 01113
719 1738 843 1786 major
869 1737 1100 1785 adhibenda,
1127 1743 1172 1775 ut
1198 1736 1289 1775 0011-

159 1795 259 1826 stare
287 1788 329 1826 in
358 1790 447 1829 vitae
474 1791 728 1842 perpetuitate
754 1791 946 1843 possimus
969 1791 1189 1831 nobismet
1177 1790 1286 1843 ipsis,

161 1853 232 1880 300
250 1842 291 1880 13
310 1842 392 1882 ullo
410 1844 534 1883 officio
552 1845 969 1884 claudicare..

214 1896 284 1934 Ad
316 1897 415 1937 hanc
451 1906 582 1937 autem
618 1900 828 1947 rationem,
843 1900 1043 1952 quoniam
1074 1899 1290 1938 maximam

162 1950 242 1988 vim
272 1959 412 1990 natura
447 1953 577 2000 habet,
617 1953 772 1992 fortuna
802 1955 1049 2006 proximam,
1090 1954 1292 2004 utriusque

160 2004 319 2043 omnino
339 2007 437 2045 ratio
463 2007 641 2046 habenda
659 2016 715 2047 est
732 2008 774 2046 in
792 2009 995 2060 deligendo
1012 2021 1151 2060 genere
1173 2007 1290 2052 vita}

162 2057 229 2096 sed
257 2067 405 2098 naturae
436 2061 584 2113 magis:
616 2063 742 2102 multo
770 2063 876 2101 enim
909 2071 947 2101 et
975 2063 1122 2101 firmior
1153 2069 1222 2107 est,
1255 2069 1294 2100 et

163 2113 419 2161 constantior3
449 2123 495 2153 ut
512 2116 668 2154 fortuna
685 2129 982 2183 nonnunquam,
997 2124 1199 2168 tamquam
1210 2116 1295 2168 ipsa

161 2166 349 2215 mortalis,
379 2181 469 2207 cum
498 2170 710 2209 immortali
741 2172 881 2210 natura
905 2183 1078 2232 pugnare
1105 2170 1294 2209 videatur.

160 2220 272 2267 Qui
262 2220 380 2272 igitur
399 2223 448 2264 ad
467 2232 616 2266 naturae
645 2238 725 2266 suae
752 2237 831 2268 non
852 2226 999 2269 vitiosae
1021 2237 1142 2278 genus
1173 2224 1295 2264 consi-
