1470 2402
211 131 289 172 134
371 128 450 169 DE
479 128 743 179 LEGIBUS,
764 128 864 168 LIB.
887 128 946 168 ΙΙ.
967 127 1073 168 CAP.
1104 128 1166 168 11.

263 239 342 278 XI.
384 238 531 277 Melius
552 238 677 277 Graeci
696 246 811 290 atque
829 237 961 286 nostri,
982 237 1065 289 qui,
1085 245 1130 276 ut
1148 244 1330 288 augerent

209 295 392 347 pietatem
416 294 455 331 in
483 293 602 342 Deos,
634 293 784 331 easdem
803 293 902 340 illos,
923 305 1019 344 quas
1037 304 1120 340 nos,
1140 293 1253 330 urbes
1269 292 1331 330 in-

210 349 331 387 colere
349 348 563 386 voluerunt.
603 347 731 385 Affert
746 347 848 385 enim
867 347 948 385 haec
962 346 1090 398 opinio
1108 345 1330 398 religionem

211 403 348 441 utilem
375 402 616 440 civitatibus.
661 401 850 452 siquidem
877 408 914 439 et
939 401 1037 438 illud
1061 402 1157 438 bene
1185 401 1331 438 dictum

213 465 269 495 est
297 470 321 494 a
354 456 588 507 Pythagora,
615 455 831 494 doctissimo
858 455 953 516 viro,
984 463 1066 493 tum
1094 454 1264 492 maxime
1294 462 1332 492 et

210 511 392 563 pietatem
418 518 455 548 et
472 510 695 560 religlonem
714 509 853 548 versari
879 510 919 547 in
939 509 1090 556 animis,
1111 522 1200 547 cum
1220 510 1332 547 rebus

212 564 350 603 divinis
363 577 517 616 operam
529 564 731 609 11818111115;
762 572 799 602 et
814 563 917 615 quod
932 563 1075 601 Thales
1088 563 1173 613 (qui
1185 563 1334 614 sapien-

212 619 383 657 tissimus
400 619 441 656 in
460 627 603 670 septem
622 618 728 666 fuit),
757 618 931 656 homines
949 617 1166 656 existimare
1185 624 1334 668 oporte-

212 686 267 720 re,
288 672 417 711 omnia
436 686 523 724 quae
541 680 794 719 cernerentur,
808 672 982 710 Deorum
1001 684 1079 710 esse
1093 671 1232 723 plena,
1222 685 1231 694 ·
1254 671 1335 710 fore

213 727 317 766 enim
362 739 494 764 omnes
537 727 726 775 castiores,
766 726 885 765 veluti
917 726 985 778 qui
1013 725 1054 763 in
1083 725 1182 764 fanis
1212 733 1335 764 essent

212 780 384 819 maxime
405 780 599 832 religiosis.
642 780 716 819 Est
740 781 843 819 enim
867 780 1036 832 quadam
1055 779 1232 832 opimone
1251 793 1335 831 spe-

213 835 288 873 cies
325 835 499 873 Deorum
536 835 575 872 in
613 835 746 883 oculis,
780 848 857 873 non
888 834 1013 873 solum
1049 834 1090 872 in
1126 834 1333 872 mentibus.

213 889 483 941 Eamdemque
501 889 684 927 rationem
705 889 784 928 11181
802 890 944 927 habent
967 889 1008 926 in
1033 888 1145 940 agris.
1194 889 1335 940 Neque

215 957 272 992 ea,
294 957 381 996 quae
399 957 423 981 a
450 944 660 993 majoribus
679 943 829 995 prodita
847 951 915 992 est,
936 956 1026 982 cum
1049 943 1227 992 dominis,
1248 950 1335 981 tum

213 998 384 1045 famulis,
411 998 534 1049 posita
552 998 592 1035 in
618 997 730 1037 fundi
755 999 932 1050 vilJaeque
957 1004 1173 1049 conspectu,
1202 997 1336 1048 religio

214 1052 378 1099 Larum,
399 1052 635 1103 repudianda
653 1060 720 1090 est.
762 1053 791 1091 J
795 1065 857 1090 am
872 1052 967 1090 ritus
985 1051 1143 1090 famssiae
1161 1059 1336 1103 patrum-

215 1119 291 1157 que
314 1119 472 1153 servare,
493 1106 533 1145 id
552 1114 607 1144 est
627 1107 827 1158 (quoniam
856 1106 1062 1157 antiquitas
1079 1106 1255 1157 proxime
1273 1119 1336 1145 ac-

215 1160 315 1198 cedit
328 1160 377 1198 ad
389 1160 509 1207 Deos)
525 1173 548 1198 a
566 1160 654 1198 Ι)115
673 1161 782 1212 quasi
797 1160 976 1198 traditam
989 1160 1212 1211 religionem
1225 1160 1334 1198 tueri.

215 1214 335 1262 Quod
353 1222 483 1252 autem
507 1228 555 1252 ex
578 1214 781 1252 hominum
807 1227 943 1266 genere
967 1222 1213 1263 consecratos,
1241 1215 1337 1253 sicut

216 1268 427 1306 Herculem
446 1276 483 1306 et
501 1277 666 1317 caeteros,
687 1269 759 1307 coli
777 1270 839 1307 lex
855 1270 979 1318 jubet,
999 1268 1141 1307 indicat
1159 1269 1336 1307 omnium

216 1321 372 1374 quidem
397 1322 545 1361 animos
567 1323 803 1364 immortales
828 1336 920 1371 esse,
941 1323 1007 1361 sed
1033 1323 1191 1361 fortium
1216 1325 1337 1362 bono·

214 1389 380 1428 rumque
409 1376 569 1416 divinos.
615 1378 724 1415 Bene
753 1390 856 1426 vero,
891 1376 995 1429 quod
1024 1377 1156 1425 Mens,
1191 1377 1334 1427 Pietas,

213 1430 364 1479 Virtus,
386 1431 514 1479 Fides,
534 1439 771 1470 consecratur
794 1444 938 1469 11181111·
969 1444 1135 1483 quarum
1161 1432 1337 1470 omnium

214 1484 354 1523 Romae
373 1485 543 1524 dedicata
560 1486 713 1537 publice
731 1486 876 1537 templa
894 1493 997 1534 sunt,
1011 1493 1069 1534 ut,
1090 1486 1158 1524 illa
1180 1486 1248 1538 qui
1266 1486 1336 1524 ha-

215 1540 345 1601 beant,
368 1539 528 1582 (habent
547 1548 678 1578 autem
693 1553 825 1578 omnes
842 1540 950 1585 boni)
965 1514 1098 1578 Deos
1088 1553 1189 1591 lpsos
1200 1541 1240 1578 in
1253 1541 1337 1579 8111-

214 1593 289 1631 mis
326 1593 404 1631 suis
442 1594 640 1632 collocatos
677 1602 825 1646 putent.
880 1595 988 1633 Nam
1019 1594 1118 1632 illud
1154 1595 1334 1634 vitiosum

213 1647 395 1694 Athenis,
415 1648 532 1699 quod,
561 1648 723 1700 Cylonio
749 1649 885 1688 scelere
911 1649 1078 1701 expiato,
1103 1648 1334 1700 Epimenide

214 1702 328 1740 Crete
342 1702 538 1750 suadente,
551 1703 721 1741 fecerunt
733 1703 986 1745 Contumeliae
996 1703 1132 1741 fanum
1144 1710 1181 1741 et
1195 1704 1333 1756 Impu-

212 1755 364 1794 dentiae.
407 1756 580 1795 Virtutes
603 1758 721 1805 8111111,
750 1770 826 1796 11011
852 1757 958 1806 vitia,
978 1770 1192 1796 consecrare
1214 1758 1330 1797 decet.

212 1810 374 1862 Araque
386 1818 493 1849 vetus
508 1819 581 1849 stat
592 1811 632 1849 in
646 1812 809 1861 Palatio,
828 1812 989 1851 Febris.
1011 1819 1047 1850 et
1058 1812 1175 1850 altera
1188 1812 1332 1864 Esqui-

211 1864 287 1912 1115,
314 1864 436 1903 Malae
470 1865 678 1905 Fortunae.
711 1865 820 1918 [quae
844 1866 974 1905 omnia
999 1866 1186 1915 ejusmodi
1210 1866 1332 1905 detes-

212 1918 330 1956 tanda
349 1920 404 1971 et]
426 1920 662 1971 repudianda
679 1929 780 1959 sunt.
810 1920 928 1982 Quod
953 1921 985 1959 51
1002 1920 1182 1972 fingenda
1205 1922 1330 1959 nomi-

211 1984 277 2019 na,
307 1971 435 2021 [Vicae
469 1974 576 2012 Potae
606 1974 786 2026 fingenda
811 1975 939 2027 potius
961 1988 985 2013 8
1002 1974 1187 2013 vincendo
1214 1983 1331 2027 atque

211 2026 420 2077 potiundo;
441 2028 701 2082 sistendoque]
716 2029 944 2080 cognomina
955 2029 1128 2077 Statoris,
1136 2035 1174 2067 et
1189 2028 1330 2068 Invicti

211 2080 347 2118 ι101115
389 2094 594 2134 rerumque
624 2083 925 2135 expetendarum
956 2082 1128 2131 nomina,
1167 2083 1326 2133 Salutis,

213 2133 396 2183 Honoris,
413 2135 526 2188 Opis,
543 2137 734 2176 Victoriae.
764 2137 1038 2189 Quoniamque
1052 2137 1331 2189 exspectatione

211 2200 341 2225 rerum
354 2190 543 2228 bonarum
562 2191 719 2243 erigitur
737 2193 903 2240 animus,
929 2200 1027 2230 recte
1045 2192 1160 2230 etiam
1179 2205 1202 2229 a
1216 2191 1330 2230 Cala-

213 2241 295 2281 tino
308 2242 403 2295 Spes
414 2252 628 2285 consecrata
641 2254 720 2287 ost:
752 2247 1000 2299 Fortunaque
1014 2246 1064 2286 sit
1077 2246 1136 2286 vel
1153 2246 1203 2286 H
1202 2258 1331 2298 ujusce
