1470 2402
258 77 338 117 DE
367 77 634 128 OFFICIIS‚
656 78 756 117 ΜΒ.
778 77 836 117 ΙΙ.
859 77 966 117 CAP.
991 77 1053 116 18.
1138 76 1220 121 279

96 184 217 234 Quod
234 194 364 226 autem
392 188 582 227 tributum
601 196 657 227 est
675 189 777 226 bono
803 187 884 226 viro
902 194 940 225 et
964 192 1086 237 grato,
1113 184 1155 222 in
1177 195 1222 222 eo

95 252 187 278 cum
213 254 261 280 ex
290 242 372 293 ipso
390 241 537 281 fructus
562 250 631 290 est,
651 249 737 280 tum
756 242 872 281 etiam
890 254 940 280 ex
958 239 1112 279 caeteris.
1141 238 1222 277 Te-

95 294 272 334 meritate
291 296 395 342 enim
413 295 572 344 remota,
592 296 808 348 gratissima
826 304 881 335 est
898 294 1130 333 liberalitas:
1158 306 1222 332 eo-

92 362 173 400 que
202 363 288 388 eam
314 351 519 390 studiosius
543 351 716 403 plerique
737 350 912 396 laudant,
939 349 1045 401 quod
1077 347 1221 386 summi

95 404 283 456 cujusque
300 405 450 444 bonitas
469 418 674 444 commune
700 405 923 457 perfugium
951 411 1007 442 est
1029 402 1219 441 omnium.

96 456 241 496 Danda
254 459 371 510 igitur
390 473 504 512 opera
519 467 589 508 est,
610 467 654 498 ut
671 460 732 498 his
750 459 942 498 beneficiis
960 470 1079 510 quam
1098 456 1221 508 pluri-

92 523 180 550 mos
197 513 423 562 afficiamus,
448 528 615 566 quorum
636 515 823 553 memoria
840 513 969 552 liberis
987 511 1223 564 posterisque

94 566 293 617 prodatur,
314 577 358 607 ut
376 568 424 608 iis
442 569 601 620 ingratis
614 582 692 608 esse
704 581 780 607 non
795 569 918 607 liceat.
949 566 1098 606 Omnes
1118 565 1222 604 enim

90 620 362 661 immemorem
380 624 555 663 beneficii
573 624 761 669 oderunt3
792 635 954 674 eamque
972 620 1155 671 injuriam
1179 619 1222 657 in

89 674 319 716 deterrenda
344 678 571 717 liberalitate
591 678 664 717 sibi
689 678 804 716 etiam
824 677 919 725 fieri,
945 688 1126 727 eumque,
1153 674 1223 726 qui

90 729 223 779 faciat,
238 744 484 771 communem
503 733 653 772 hostem
669 733 888 771 tenuiorum
907 738 1057 783 putant.

148 785 284 836 Atque
302 787 384 825 haec
402 788 618 838 benignitas
640 787 756 826 etiam
782 786 1001 838 reipublicae
1020 784 1127 823 utilis
1151 791 1222 831 est,

93 838 232 877 redimi
251 854 272 879 e
286 841 466 880 servitute
479 851 622 894 captos,
637 841 861 893 locupletari
873 840 1062 879 tenuiores
1076 853 1088 885 ς
1119 838 1225 890 quod

94 893 255 945 quidem
281 896 398 947 vulgo
424 897 580 936 solitum
605 896 688 935 fieri
716 898 764 935 ab
783 895 915 934 ordine
934 902 1062 933 nostro
1080 894 1120 931 in
1139 906 1226 932 ora-

96 947 200 986 tione
223 948 350 988 Crassi
373 951 557 1002 scriptum
585 951 735 1002 copiose
761 950 948 989 videmus.
992 948 1108 987 Hanc
1134 960 1225 998 ergo

92 1004 410 1043 consuetudinem
424 1005 669 1057 benignitatis
682 1005 876 1056 largitioni
889 1015 1097 1042 munerum
1110 1002 1226 1053 longe

90 1064 298 1109 antepono.
343 1059 442 1098 Haec
465 1069 520 1099 est
546 1060 723 1111 gravium
749 1059 954 1098 hominum
979 1066 1095 1109 atque
1114 1069 1225 1107 mag-

95 1122 262 1159 norum;
292 1113 360 1152 illa
379 1114 489 1166 quasi
508 1122 784 1153 assentatorum
803 1113 952 1166 populi,
965 1111 1228 1151 multitudinis

94 1164 291 1205 levitatem
311 1169 508 1220 voluptate
523 1170 634 1221 quasi
652 1169 905 1208 titillantium.

35 1270 41 1275 .
149 1220 363 1261 Conveniet
383 1231 530 1272 autem,
561 1237 650 1263 cum
676 1224 717 1262 in
737 1223 864 1262 dando
881 1221 1113 1261 munificum
1131 1233 1224 1268 esse,

97 1281 183 1313 tum
201 1276 242 1314 in
263 1277 452 1328 exigendo
466 1291 545 1317 non
564 1280 770 1317 acerbum:
801 1278 842 1315 in
861 1277 1045 1328 omnique
1068 1289 1108 1314 re
1136 1287 1226 1313 con-

96 1329 297 1379 trahenda,
319 1332 532 1379 vendendo,
563 1333 739 1381 emendo,
764 1331 1023 1377 conducendo,
1047 1329 1224 1376 locando,

97 1383 357 1425 vicinitatibus
376 1394 414 1425 et
432 1387 620 1435 confiniis,
642 1399 798 1439 aequum
827 1394 864 1425 et
890 1386 1070 1431 facilem3
1099 1384 1227 1422 multa

95 1439 231 1478 multis
249 1440 297 1479 de
312 1441 400 1491 jure
419 1455 488 1480 suo
511 1441 734 1488 cedentem;
765 1455 788 1480 a
811 1440 945 1479 litibus
971 1452 1074 1488 vero,
1101 1450 1226 1490 quan-

97 1499 183 1530 tum
200 1493 326 1544 liceat,
343 1502 381 1534 et
398 1496 523 1534 nescio
542 1509 590 1534 an
602 1496 719 1548 paulo
732 1496 822 1547 plus
835 1495 951 1533 etiam
966 1506 1085 1546 quam
1096 1493 1224 1541 liceat,

95 1546 376 1587 abhorrentem.
422 1550 497 1589 Est
515 1551 616 1590 enim
637 1563 716 1589 non
734 1550 850 1588 modo
868 1549 1040 1596 liberale,
1061 1547 1225 1599 paulum

95 1612 379 1655 nonnunquam
412 1604 460 1643 de
492 1618 562 1643 suo
588 1606 677 1654 jure
705 1604 898 1652 decedere,
931 1602 996 1642 sed
1027 1601 1224 1640 interdum

95 1654 213 1694 etiam
231 1655 484 1697 fructuosum.
515 1659 709 1698 Habenda
736 1666 866 1697 autem
888 1664 944 1696 aet
965 1656 1062 1694 ratio
1087 1654 1142 1694 rei
1166 1655 1226 1693 fa-

93 1708 270 1760 miliaris,
290 1725 408 1764 quam
425 1712 582 1764 quidem
600 1713 719 1752 dilabi
737 1713 872 1760 sinere,
885 1710 1120 1762 flagitiosum
1139 1716 1222 1756 est3

95 1763 163 1803 sed
192 1764 261 1813 ita,
293 1773 338 1804 ut
360 1766 626 1806 illiberalitatis
651 1767 897 1818 avaritiaeque
922 1765 1021 1804 absit
1046 1763 1224 1816 suspicio.

95 1817 214 1857 Posse
232 1819 336 1858 enim
353 1820 581 1860 liberalitate
607 1821 678 1870 uti,
698 1834 777 1860 non
795 1821 1024 1873 spoliantem
1048 1832 1087 1858 se
1105 1817 1224 1870 patri·

90 1873 241 1922 monio,
272 1875 459 1914 nimirum
487 1876 520 1914 is
550 1883 605 1914 est
630 1875 802 1928 pecuniae
833 1875 981 1914 fructus
1012 1873 1222 1912 maximus.

95 1926 217 1973 Recte
236 1928 351 1967 etiam
370 1943 394 1968 a
418 1930 686 1983 Theophrasto
711 1937 767 1969 est
787 1929 945 1968 laudata
968 1927 1221 1980 hospitalitas.

93 1979 170 2020 Est
188 1982 306 2031 enim,
327 1990 372 2022 ut
396 1984 494 2023 mihi
518 1984 676 2037 quidem
698 1984 862 2033 videtur,
889 1983 1000 2023 valde
1025 1982 1221 2030 decorum,

93 2042 224 2086 patere
242 2037 376 2077 domos
400 2038 606 2080 hominum
624 2039 834 2078 illustrium
858 2037 1073 2077 illustribus
1091 2036 1223 2088 hospi-

94 2089 198 2130 tibus
210 2106 222 2130 :
252 2091 369 2144 idque
398 2093 514 2132 etiam
544 2094 764 2146 reipublicae
795 2100 851 2132 est
880 2099 1119 2139 ornamento,
1150 2090 1222 2129 ho-

94 2143 218 2189 mines
236 2154 412 2186 externos
429 2147 502 2187 hoc
519 2148 758 2187 liberalitatis
770 2160 908 2199 genere
922 2147 965 2186 in
977 2147 1073 2185 urbe
1091 2144 1223 2184 nostra

90 2209 171 2244 non
189 2212 311 2252 egere.
339 2201 414 2242 Est
431 2209 562 2248 autem
581 2202 697 2243 etiam
716 2202 960 2243 vehementer
973 2200 1070 2242 utile
1087 2200 1135 2245 iis
1152 2199 1222 2252 qui
