1470 2402
248 112 332 152 390
524 109 604 150 DE
632 105 932 160 AMICITIA,
953 106 1060 157 cir.
1072 105 1138 150 2'0.

240 219 459 272 Nunquam
473 232 513 259 se
530 219 596 258 ille
609 219 738 267 Philo,
754 232 956 272 nunquam
971 218 1147 272 Rupilio,
1162 215 1363 271 nunquam

240 273 442 313 Mummio
454 274 684 325 anteposuit,
697 286 899 327 nunquam
912 273 1099 312 inferioris
1112 271 1256 312 ordinis
1267 273 1365 311 ami-

238 327 305 366 cis
350 327 402 376 Q.
424 341 512 367 vero
538 328 779 375 Maximum,
807 328 978 376 fratrem,
1007 327 1203 379 egregium
1221 326 1364 374 virum,

239 382 399 420 omnino
431 382 503 420 sibi
534 394 782 434 nequaquam
819 395 965 433 parem,
1000 381 1105 433 quod
1137 381 1168 419 is
1196 381 1364 419 anteibat

239 443 365 483 aetate,
383 443 583 488 tamquam
603 436 849 486 superiorem,
870 436 1038 481 colebat;
1060 447 1223 487 suosque
1234 447 1367 473 omnes

242 503 312 540 per
330 503 369 528 se
389 503 467 528 esse
486 490 689 542 ampliores
709 490 870 528 volebat.
900 490 1019 551 Quod
1038 489 1287 528 faciendum
1276 490 1365 527 imi-

243 543 484 605 tandumque
504 553 560 582 est
581 543 787 591 omnibus;
817 552 876 593 ut,
903 544 935 582 si
963 556 1080 595 quam
1106 543 1367 605 praestantiam

240 598 406 646 virtutis,
427 598 586 649 ingenii,
613 598 776 636 fortunae
801 598 992 636 consecuti
1017 605 1120 645 sunt,
1146 597 1367 649 impertiant

238 663 323 689 eam
345 652 436 699 suis,
453 652 812 703 communicentque
826 665 915 690 cum
930 651 1142 703 proximis.
1172 659 1231 699 ut,
1252 651 1283 690 si
1297 664 1366 703 pa-

243 705 414 744 rentibus
434 706 514 744 nati
539 706 615 744 sint
632 706 862 753 humilibus,
882 707 914 745 si
939 706 1175 758 propinquos
1198 705 1366 744 habeant

239 759 505 798 imbecilliores
525 760 584 798 vel
609 761 739 798 animo
765 760 824 799 vel
849 759 1018 807 fortuna,
1039 773 1171 798 eorum
1198 765 1366 811 augeant

239 826 344 875 opes,
366 814 495 865 eisque
522 814 659 853 honori
678 814 768 862 sint,
789 822 826 853 et
838 814 1038 865 dignitati.
1073 821 1128 861 ut,
1147 814 1188 852 in
1206 813 1362 862 fabulis,

243 868 313 929 qui
327 868 581 920 aliquamdiu,
594 876 749 919 propter
766 868 1045 929 ignorationem
1060 868 1187 920 stirpis
1201 875 1239 906 et
1252 880 1366 919 gene-

239 921 306 969 ris,
337 922 377 960 in
408 922 599 960 famulatu
629 922 786 969 fuerint,
816 935 906 961 cum
934 922 1076 983 cogniti
1102 929 1205 970 sunt,
1233 930 1271 960 et
1297 929 1365 960 aut

240 974 417 1014 Deorum
436 983 503 1015 aut
521 989 657 1028 regum
676 976 774 1014 filii'
765 989 830 1014 inv
831 977 924 1024 enti,
939 976 1102 1015 retinent
1119 984 1249 1014 tamen
1268 976 1365 1014 cari·

239 1036 357 1068 tatem
390 1031 431 1068 in
461 1039 643 1083 pastores,
676 1043 772 1082 quos
803 1038 930 1082 patres
959 1031 1102 1069 multos
1133 1043 1253 1069 annos
1285 1043 1364 1069 esse

238 1083 448 1127 duxerunt,
492 1084 612 1132 Quod
638 1084 793 1146 quidem
821 1093 877 1123 est
901 1086 1025 1123 multo
1048 1084 1217 1136 profecto
1241 1085 1366 1136 magis

239 1137 281 1175 in
321 1139 417 1177 veris
458 1139 645 1189 patribus,
687 1139 887 1191 certisque,
923 1139 1154 1177 faciendum.
1198 1138 1364 1177 Fructus

239 1191 344 1230 enim
364 1193 508 1244 ingenii
535 1200 572 1231 et
591 1193 755 1240 virtutis,
783 1193 984 1244 omnisque
1008 1193 1251 1244 praestantiae,
1279 1200 1363 1230 tum

240 1246 436 1285 maximus
455 1246 617 1298 capitur,
638 1259 727 1285 cum
753 1246 793 1284 in
813 1247 1037 1298 proximum
1055 1259 1250 1299 quemque
1274 1259 1364 1285 oon-

242 1299 374 1338 fertur.

294 1354 390 1392 XX.
420 1355 477 1394 Ut
494 1355 611 1406 igitur
629 1355 670 1402 ii,
687 1354 755 1407 qui
773 1362 863 1393 sunt
882 1355 922 1393 in
937 1355 1115 1394 amicitiae
1129 1355 1363 1405 conjunctio-

239 1408 376 1460 nisque
406 1409 681 1447 necessitudine
714 1410 936 1460 superiores,
971 1422 1172 1461 exaequare
1204 1422 1243 1448 se
1270 1422 1363 1448 eum

239 1462 483 1501 inferioribus
494 1463 654 1508 debent;
677 1464 728 1501 sic
742 1464 936 1502 inferiores
948 1476 1025 1502 non
1040 1463 1181 1512 dolere,
1195 1477 1234 1502 se
1244 1477 1269 1502 a
1287 1463 1365 1502 suis

239 1525 308 1555 aut
325 1517 478 1568 ingenio
498 1525 565 1555 aut
578 1517 733 1555 fortuna
751 1525 819 1555 aut
837 1517 1022 1569 dignitate
1041 1518 1234 1569 superari·
1265 1530 1364 1570 quo-

240 1583 329 1609 rum
358 1571 531 1623 plerique
567 1578 635 1609 aut
671 1579 886 1623 queruntur
917 1585 1066 1623 semper
1101 1572 1262 1624 aliquid,
1296 1580 1364 1610 aut

239 1625 357 1663 etiam
377 1628 633 1676 exprobrant3
664 1639 784 1687 eoque
798 1626 935 1677 magis,
952 1626 983 1664 si
997 1626 1137 1664 habere
1151 1639 1190 1664 se
1208 1633 1362 1678 putant,

240 1679 348 1731 quod
377 1679 539 1718 officiose
569 1687 606 1717 et
631 1680 765 1727 amice,
797 1686 834 1718 et
859 1693 949 1718 cum
974 1680 1103 1718 labore
1121 1680 1252 1732 aliquo
1276 1693 1360 1730 suo,

240 1733 386 1771 factum
412 1740 555 1785 queant
582 1733 716 1772 dicere.
760 1733 952 1772 Odiosum
978 1747 1068 1772 sane
1091 1747 1212 1785 genus
1237 1734 1363 1772 homi-

242 1799 355 1834 num,
363 1786 486 1825 officia
501 1788 839 1839 exprobrantium;
870 1802 958 1840 quae
970 1788 1189 1826 meminisse
1207 1788 1344 1827 debet
1332 1801 1365 1828 is

240 1841 281 1879 in
295 1854 411 1892 quem
426 1842 564 1880 collam
578 1849 679 1890 sunt,
693 1855 769 1880 non
783 1855 1092 1890 commemorare,
1107 1842 1175 1894 qui
1189 1843 1362 1882 contulit.

294 1896 561 1943 Quamobrem
579 1903 623 1933 ut
642 1896 682 1943 ii,
703 1896 771 1947 qui
791 1897 999 1948 superiores
1018 1904 1120 1940 sunt,
1141 1896 1363 1936 submittere

241 1963 282 1988 se
310 1949 450 1988 debent
479 1949 520 1987 in
546 1949 725 1996 amicitia,
752 1951 804 1988 sic
829 1950 997 2002 quodam
1027 1950 1142 1988 modo
1169 1950 1364 1989 inferiores

241 2003 434 2042 extollere.
464 2004 565 2042 Sunt
583 2003 685 2041 enim
706 2004 880 2056 quidam,
897 2005 964 2056 qui
982 2004 1158 2043 molestas
1176 2004 1363 2043 amicitias

241 2057 403 2103 faciunt,
419 2070 508 2096 cum
527 2057 601 2109 ipsi
620 2071 658 2096 se
670 2059 863 2096 contemni
881 2066 1045 2110 putant,
1034 2072 1044 2082 ·
1076 2058 1179 2110 quod
1193 2070 1270 2096 non
1285 2057 1364 2097 fere

242 2111 444 2162 contingit,
471 2111 545 2150 nisi
567 2111 612 2150 iis
638 2111 705 2163 qui
732 2112 847 2150 etiam
873 2112 1168 2151 contemnendos
1196 2125 1236 2150 se
1261 2112 1363 2150 arbi-

241 2172 417 2211 trantur;
449 2165 517 2217 qui
547 2165 619 2204 hac
646 2165 838 2217 opinione,
869 2179 947 2206 non
977 2166 1093 2206 modo
1125 2166 1264 2214 verbis,
1298 2166 1365 2205 sed

239 2218 358 2259 etiam
377 2231 504 2272 opere,
524 2219 587 2258 lev
588 2219 680 2258 andi
698 2228 800 2259 sunt.
