1470 2402
143 110 222 153 344
362 112 439 151 DE
468 110 828 161 snnncwm,
858 109 965 151 cin».
989 112 1052 150 10.

145 221 306 261 defectio
333 221 474 259 virium
505 220 767 260 adolescentiae
793 219 894 259 vitiis
921 218 1084 258 efficitur
1111 220 1271 273 saepius,

146 290 266 328 quam
285 276 497 314 senectutis.
539 275 764 313 Libidinosa
782 274 924 312 etenim
949 281 988 313 et
1009 274 1268 327 intemperans

146 330 399 369 adolescentia
418 330 574 368 effetum
594 342 731 381 eorpus
749 328 864 367 tradit
883 329 1078 368 senectuti.

201 385 327 436 Cyrus
346 384 518 436 quidem,
540 383 644 435 apud
669 383 984 434 Xenophontem,
1011 396 1056 422 eo
1081 395 1268 434 sermone,

146 452 265 491 quem
290 438 456 477 moriens
484 438 635 485 habuit,
663 450 753 475 cum
779 436 990 476 admodum
1015 450 1130 476 senex
1159 446 1269 487 esset,

146 500 263 544 negat
282 506 320 530 se
338 505 513 544 unquam
534 492 689 530 sensisse
709 499 942 530 senectutem
962 505 1071 530 suam
1097 492 1272 531 imbecil-

146 547 283 586 liorem
312 547 469 594 factam,
497 559 617 597 quam
643 546 894 584 adolescentia
919 545 1065 584 fuisset.
1104 545 1193 597 Ego
1218 547 1270 585 L.

148 601 358 639 Metellum
377 600 551 649 memini,
564 613 673 652 puer,
689 600 788 652 (qui,
809 612 899 638 cum
919 600 1169 651 quadriennio
1186 606 1273 652 post

147 656 313 693 alterum
332 655 574 693 consulatum
599 654 774 706 pontifex
799 653 994 692 maximus
1018 654 1141 693 factus
1160 661 1271 703 esset,

146 709 284 760 viginti
303 716 340 747 et
357 708 453 747 duos
471 721 591 747 annos
610 709 645 747 ei
664 708 871 747 sacerdotio
895 708 1065 760 praefuit)
1091 708 1145 746 ita
1162 708 1274 747 bonis

147 777 227 801 esse
241 763 384 802 viribus
398 770 570 801 extremo
584 771 754 814 tempore
769 762 904 811 aetatis,
920 769 965 799 ut
979 762 1274 801 adolescentiam

148 830 227 855 non
246 817 465 869 requireret.
521 817 633 856 Nihil
660 830 808 856 necasse
834 824 890 855 est
913 816 1011 854 mihi
1036 816 1084 855 de
1107 829 1172 855 me
1189 816 1275 868 ipso

147 872 296 918 dicere3
333 884 573 923 quamquam
598 878 654 910 est
678 871 719 909 id
748 870 906 923 quidem
934 870 1066 921 senile,
1094 870 1274 923 aetatique

148 934 287 964 nostrae
305 925 535 964 conceditur.

202 980 256 1018 X.
286 979 500 1027 Videtisne,
520 986 565 1018 ut
583 979 687 1031 apud
707 978 927 1018 Homerum
945 978 1152 1031 saepissime
1170 979 1215 1018 N
1215 991 1273 1018 es-

148 1041 208 1072 tor
233 1034 281 1071 de
307 1034 512 1072 virtutibus
537 1034 615 1072 suis
640 1033 849 1085 praedicet?
883 1033 1036 1071 tertiam
1061 1033 1164 1072 enim
1187 1034 1272 1083 jam

149 1094 301 1126 aetatem
331 1087 536 1125 hominum
565 1088 740 1126 vivebat:
776 1100 846 1126 nec
876 1094 956 1125 erat
985 1087 1020 1125 ei
1045 1087 1271 1137 verendum,

150 1154 214 1189 ne,
231 1154 319 1179 vera
337 1141 385 1179 de
399 1154 438 1179 se
452 1141 675 1193 praedicans,
691 1141 806 1179 nimis
821 1141 1012 1180 videretur
1025 1148 1093 1179 aut
1105 1142 1271 1180 insolens

149 1206 218 1234 aut
236 1196 393 1246 loquax.
422 1195 581 1233 Etenim
602 1198 663 1237 (ut
677 1195 730 1233 ait
745 1195 958 1240 Homerus)
978 1208 1025 1233 ex
1040 1196 1122 1245 ejus
1135 1195 1272 1247 lingua

149 1249 265 1288 melle
295 1249 441 1287 dulcior
470 1249 615 1287 fluebat
641 1248 787 1295 oratio;
822 1261 942 1300 quam
967 1249 1016 1286 ad
1044 1249 1271 1288 suavitatem

150 1303 269 1342 nullis
299 1304 433 1354 egebat
466 1303 631 1355 corporis
662 1303 834 1341 viribus:
874 1310 912 1341 et
939 1309 1068 1341 tamen
1096 1303 1178 1341 dux
1204 1303 1272 1342 ille

149 1357 309 1396 Graeciae
328 1369 521 1408 nusquam
540 1364 661 1408 optat,
681 1364 726 1395 ut
743 1357 878 1406 Ajacis
896 1356 1038 1395 similes
1051 1357 1191 1395 habeat
1203 1357 1273 1396 de-

148 1424 246 1460 cem,
267 1418 307 1449 at
324 1418 370 1448 ut
395 1411 592 1457 Nestoris3
623 1410 728 1463 quod
746 1410 779 1449 si
796 1410 986 1461 acciderit,
1005 1423 1084 1450 non
1103 1411 1270 1461 dubitat,

149 1466 246 1517 quin
264 1465 371 1503 brevi
389 1465 511 1515 Troja
529 1465 578 1503 sit
594 1465 775 1517 peritura.

204 1519 282 1558 Sed
299 1519 412 1558 redeo
431 1519 480 1557 ad
498 1532 573 1558 me.
602 1519 799 1567 Quartum
818 1530 966 1557 annum
984 1532 1057 1571 ago
1071 1526 1108 1558 et
1121 1527 1273 1572 octoge-

148 1573 317 1612 simum:
349 1573 528 1625 equidem
552 1586 662 1625 posse
686 1574 826 1612 vellem
850 1573 954 1612 idem
978 1574 1146 1625 gloriari,
1167 1574 1273 1627 quod

148 1628 299 1679 Cyrus.
332 1627 398 1665 sed
416 1634 545 1665 tamen
564 1628 637 1666 hoc
655 1641 754 1680 queo
779 1627 916 1676 dicere,
935 1640 1014 1666 non
1031 1641 1096 1667 me
1113 1628 1273 1680 quidem

146 1681 194 1719 iis
213 1694 293 1720 esse
314 1681 473 1730 viribus,
495 1682 636 1733 quibus
661 1689 729 1720 aut
753 1682 864 1720 miles
889 1682 990 1720 bello
1016 1682 1179 1731 Punico,
1205 1689 1275 1722 aut

147 1743 315 1787 quaestor
333 1735 468 1774 eodem
486 1736 602 1784 bello,
622 1743 690 1774 aut
708 1736 866 1775 00115111
854 1748 895 1774 111
911 1736 1103 1788 Hispania
1115 1736 1273 1786 fuerim,

146 1797 215 1827 aut
239 1789 491 1841 quadriennio
515 1796 615 1841 post,
644 1803 749 1840 cum,
783 1790 961 1829 tribunus
987 1790 1177 1839 militaris,
1206 1791 1275 1830 de-

146 1843 320 1895 pugnavi
348 1843 453 1895 apud
482 1843 780 1897 Thermopylas,
813 1844 877 1882 M’
902 1844 1032 1884 Acilio
1061 1844 1274 1884 Glabrione

146 1897 325 1936 consule:
361 1897 427 1936 sed
454 1905 584 1936 tamen
611 1901 672 1942 (ut
698 1911 764 1937 vos
788 1898 940 1947 videtis)
965 1911 1044 1938 non
1068 1899 1183 1951 plane
1206 1911 1274 1938 me

147 1951 342 1990 enervavit
360 1964 431 1990 nec
448 1952 587 1991 afflixit
606 1960 802 1991 senectus:
829 1965 907 1991 non
926 1953 1032 1991 curia
1050 1953 1148 1992 vires
1165 1966 1274 1992 meas

145 2004 347 2053 desiderat,
375 2018 454 2044 non
479 2006 636 2055 Rostra,
656 2019 735 2045 non
758 2006 885 2056 amici,
905 2019 984 2045 non
1004 2007 1172 2056 clientes,
1192 2019 1272 2046 non

145 2059 314 2110 hospites
328 2074 340 2097 z
370 2072 439 2099 nec
458 2060 562 2098 enim
581 2073 757 2112 unquam
776 2073 863 2099 sum
882 2073 1056 2100 assensus
1074 2060 1191 2100 veteri
1211 2060 1271 2100 1111

145 2112 379 2165 laudatoque
403 2114 617 2166 proverbio,
638 2114 744 2166 quod
768 2122 913 2164 monet,
939 2121 1091 2154 mature
1112 2115 1194 2154 fieri
1213 2128 1273 2154 se-

145 2178 252 2219 nem,
272 2167 304 2209 si
322 2167 390 2209 diu
404 2168 498 2211 velis
511 2181 591 2211 esse
604 2181 732 2211 senex.
761 2169 851 2222 Ego
868 2182 959 2212 vero
974 2182 1039 2211 me
1056 2169 1186 2212 minus
1202 2169 1270 2210 diu
