1470 2402
213 109 289 154 178
371 108 450 148 DE
479 108 742 158 LEGIBUS,
764 109 863 148 Lm.
885 109 944 148 11.
965 105 1070 147 cm».
1091 109 1157 146 25.

206 224 336 256 autem
378 219 407 241 ‘⁶
436 217 607 267 forum,’'
649 217 706 261 (id
748 225 817 265 est,
862 216 1106 256 vestibulum*
1138 214 1318 267 sepulcri)

208 273 238 294 “
257 272 476 319 bustumve,
507 272 692 324 usucapi'’
725 278 841 318 vetat,
871 278 1000 309 tuetur
1032 272 1097 320 jus
1128 269 1320 320 sepulcro-

206 337 309 363 rum.
352 325 450 364 Haec
474 326 658 364 habemus
682 325 723 363 in
742 325 972 373 Duodecim,
996 336 1086 362 sane
1110 323 1321 362 secundum

206 386 400 426 naturam,
433 393 521 431 quae
552 393 688 418 norma
718 379 813 430 legis
846 386 913 417 oet.
961 378 1129 429 Reliqua
1160 385 1250 415 sunt
1280 375 1322 414 in

205 444 336 471 more:
365 433 483 471 funus
512 442 557 472 ut
584 434 796 478 indicatur;
827 433 858 471 si
889 432 984 484 quid
1012 431 1222 475 ludorum3
1252 429 1321 468 do-

204 486 410 539 minusque
441 488 584 525 funeris
616 495 747 525 utatur
777 499 932 525 accenso
963 494 1079 537 atque
1109 484 1319 523 lictoribus.

207 542 236 562 ‘⁶
256 540 544 579 Honoratorum
563 541 732 579 virorum
757 541 888 579 laudes
913 540 955 578 in
979 539 1156 578 concione
1174 551 1320 576 memo-

203 602 528 647 rentu13aesque
547 595 661 634 etiam
680 602 812 634 cantus
830 594 878 633 ad
897 594 1091 632 tibicinem
1115 605 1321 644 prosequa-

202 649 296 697 tur,’
300 649 392 687 ’cui
410 662 550 687 nomen
568 649 715 695 neniae3
746 661 823 700 quo
841 648 1025 687 vocabulo
1043 647 1160 686 etiam
1179 646 1322 686 Graecis

204 710 338 741 cantus
355 703 536 754 lugubres
555 704 813 742 nominantur.

258 756 396 795 XXV.
430 758 611 802 Quintus.
642 757 802 796 Gaudeo
821 764 948 794 nostra
968 757 1058 805 jura
1076 754 1124 792 ad
1142 762 1321 793 naturam

203 811 481 849 accommodari
497 825 508 857 3
538 813 807 863 majorumque
826 810 1010 862 sapientia
1027 809 1236 847 admodum
1256 808 1322 847 de„

203 865 330 903 lector.
360 866 542 903 Marcus.
563 866 639 904 Sed
658 865 781 913 credo,
802 865 963 913 Quinte,
983 871 1028 901 ut
1046 871 1198 902 caeteros
1217 875 1321 900 sum-

203 925 279 967 tus,
312 918 363 957 sic
393 919 509 957 etiam
539 920 797 971 sepulcrorum
827 919 1002 965 modum,
1036 925 1135 956 recte
1165 917 1320 978 requiri.

203 972 315 1020 Quos
333 973 435 1011 enim
454 974 503 1011 ad
523 983 672 1012 sumtus
697 986 893 1025 progressa
914 973 997 1022 jam
1023 971 1095 1010 ista
1119 983 1178 1008 1oe
1197 971 1259 1019 sit,
1278 971 1320 1008 in

204 1026 404 1077 c.1‹*igu]j
423 1028 594 1078 sepulcro
613 1028 727 1065 vides.
768 1027 844 1066 Sed
870 1026 980 1064 credo
1004 1025 1206 1063 minimam
1227 1024 1321 1063 olim

202 1080 311 1118 istius
325 1080 378 1118 rei
392 1081 507 1119 fuisse
519 1081 790 1133 cupiditatem·
813 1080 982 1131 alioquin
994 1080 1120 1117 multa
1131 1086 1321 1117 exstarent

203 1135 380 1185 exempla
397 1136 600 1184 majorum.
631 1135 783 1173 Nostrae
802 1134 958 1185 quidem
976 1133 1071 1183 legis
1085 1133 1321 1183 interpretes,

202 1200 281 1239 quo
308 1188 430 1240 capite
453 1190 638 1238 jubentur
663 1197 812 1226 sumtus
837 1196 875 1226 et
902 1188 1051 1225 luctum
1079 1199 1271 1225 removere
1298 1199 1323 1225 a

203 1241 378 1280 Deorum
408 1243 592 1280 Manium
622 1244 723 1292 jure,
753 1242 826 1280 hoc
855 1241 1089 1291 intelligunt,
1118 1241 1159 1278 in
1186 1241 1321 1292 primis

201 1296 463 1347 sepulcrorum
481 1296 804 1347 magnificentiam
830 1309 908 1334 ωδε
932 1294 1195 1332 minuendam.
1235 1295 1277 1332 N
1279 1307 1321 1334 ec

201 1349 284 1389 haec
323 1363 347 1388 a
385 1350 670 1402 sapientissimis
707 1351 838 1401 legum
871 1349 1115 1400 scriptoribus
1150 1349 1323 1400 neglecta

201 1411 317 1442 sunt:
347 1416 439 1442 nam
458 1412 495 1442 et
513 1404 680 1442 Athenis
700 1405 783 1454 jam
806 1402 890 1452 [ille
908 1404 1012 1455 mos]
1033 1415 1057 1440 a
1075 1402 1255 1454 Cecrope,
1275 1409 1321 1441 ut

198 1458 326 1505 aiunt,
356 1459 579 1509 permansit,
613 1458 685 1496 hoc
718 1459 794 1507 jus·
815 1457 916 1495 terra
946 1456 1163 1502 humandi;
1201 1469 1320 1508 quam

201 1525 291 1550 curn
310 1512 476 1563 proximi
493 1512 713 1562 injecerant,
734 1511 974 1562 obductaque
996 1518 1095 1548 terra
1119 1518 1212 1558 erat,
1238 1510 1320 1548 fru-

200 1566 314 1617 gibus
331 1567 586 1613 obserebatur,
609 1573 654 1604 ut
672 1566 776 1603 sinus
795 1573 833 1603 et
851 1565 1041 1616 gremium
1061 1565 1170 1615 quasi
1187 1565 1321 1604 matris

199 1628 353 1658 mortuo
364 1620 605 1667 tribueretur,
622 1620 747 1658 solum
761 1627 905 1667 autem,
918 1618 1095 1669 frugibus
1106 1618 1319 1670 expiatum,

200 1682 246 1712 ut
264 1674 358 1713 vivis
376 1674 605 1712 redderetur.
635 1675 901 1725 Sequebantur
914 1673 1051 1724 epulae,
1065 1685 1160 1724 quas
1171 1672 1320 1711 inibant

201 1728 408 1780 propinqui
421 1728 612 1767 coronati.
643 1727 748 1780 apud
759 1740 854 1779 quas
868 1727 916 1765 de
929 1726 1071 1764 mortui
1084 1726 1212 1774 laude,
1228 1739 1318 1764 cum

201 1782 297 1833 quid
316 1782 394 1820 veri
419 1791 512 1830 erat,
532 1782 780 1834 praedicatum
807 1784 914 1824 (nam
939 1780 1094 1818 mentiri
1118 1780 1223 1818 nefas
1247 1780 1318 1818 ha-

200 1836 398 1882 bebatur):
429 1836 483 1874 ita
505 1838 609 1885 justa
632 1835 801 1874 confecta
824 1842 942 1872 erant.
983 1835 1253 1885 Posteaqan
1273 1842 1318 1873 ut

200 1890 331 1928 scribit
352 1890 575 1937 Phalereus,
596 1897 794 1927 sumtuosa
811 1888 892 1926 fieri
911 1888 1046 1926 funera
1070 1896 1107 1926 et
1131 1888 1318 1926 lamenta-

199 1943 292 1981 bilia
311 1944 520 1994 coepissent,
542 1943 690 1982 Solonis
714 1943 798 1994 lege
816 1942 965 1980 sublata
983 1950 1095 1980 sunt:
1126 1955 1244 1993 quam
1262 1941 1317 1980 le-

200 2009 304 2047 gem,
325 1998 466 2036 eisdem
485 2010 602 2049 prope
620 1996 758 2045 verbis,
784 1997 902 2034 nostri
925 1995 1128 2034 decemviri
1151 1996 1191 2033 in
1217 1995 1317 2034 deci-

200 2062 308 2088 mam
326 2051 497 2089 tabulam
516 2052 768 2101 conjecerunt.
810 2051 917 2088 Nam
945 2050 992 2088 de
1016 2050 1138 2087 tribus
1159 2049 1314 2095 riciniis,

201 2112 239 2143 et
256 2104 437 2155 pleraque
453 2105 535 2152 ina,
555 2105 704 2143 Solonis
728 2111 840 2142 sunt:
871 2104 919 2142 de
936 2103 1112 2142 lamentis
1137 2116 1224 2141 vero
1250 2116 1317 2141 ex-

201 2171 329 2210 pressa
357 2159 481 2197 verbis
512 2166 625 2197 sunt:
658 2162 686 2181 “
706 2158 894 2196 Mulieres
919 2170 1035 2209 genae
1062 2169 1110 2195 ne
1135 2157 1314 2206 radunto,

201 2224 297 2252 neve
313 2211 469 2263 lessam,
488 2212 633 2252 funeris
651 2225 754 2264 ergo,
773 2212 980 2251 habento.''
