1470 2402
264 83 346 124 333
520 83 599 125 DE
626 82 929 136 AMICITIA,
946 83 1056 126 CAP.
1074 83 1139 126 18.

265 205 346 232 non
363 192 504 245 potuit,
523 202 805 257 cognoscuntur
827 194 869 233 in
886 193 1042 247 magna.
1082 193 1153 234 Sin
1171 190 1261 232 vero
1277 198 1391 232 erunt

267 247 389 299 aliqui
406 249 559 300 reperti,
579 250 647 301 qui
665 249 868 301 pecuniam
893 248 1071 301 praeferre
1094 247 1287 292 amicitie..
1305 259 1388 285 sor-

267 300 404 340 didum
424 303 667 349 existiment;
689 304 757 342 ubi
775 316 838 342 eos
861 303 1114 352 inveniemus,
1135 302 1203 363 qui
1215 301 1393 348 honores,

266 356 525 406 magistratus,
546 358 720 409 imperia,
740 364 957 409 potoetatae,
983 370 1088 409 opeS,
1115 355 1291 394 amicitiae
1315 366 1394 392 non

266 418 524 461 anteponant;
554 419 611 459 ut,
632 424 722 450 cum
748 425 795 450 ex
815 412 936 450 altera
959 418 1066 462 parte
1090 409 1282 462 proposita
1305 408 1390 446 haec

269 463 359 512 sint,
380 477 428 502 ex
447 465 595 503 altera
581 479 645 515 Jus
664 465 854 513 amicitiae,
874 477 952 503 non
978 465 1102 503 multo
1126 464 1195 502 ina
1219 462 1389 501 malint?

271 517 473 556 Imbecilla
491 519 594 557 enim
613 527 750 557 natura
769 528 824 558 est
848 519 898 557 ad
921 517 1241 558 contemnendam
1258 524 1395 568 poten-

269 571 390 610 tiam:
436 585 555 624 quam
587 573 702 611 etiam
735 573 766 611 si
798 573 973 624 neglecta
1003 569 1171 611 amicitiai
1187 569 1395 609 consecuti

269 633 373 672 sunt,
387 627 654 666 obscuratum
641 628 691 665 {ri
702 627 949 676 arbitrantur,
963 627 1055 679 quia
1068 639 1146 664 non
1157 624 1239 664 sine
1252 624 1396 676 magna

270 692 387 718 causa
407 681 455 718 sit
474 682 645 732 neglecta
663 681 842 721 amicitia.

325 734 465 786 Itaque
484 748 582 774 verae
601 735 778 774 amicitiae
796 734 1022 773 difficillime
1039 733 1281 786 reperiuntur
1294 732 1335 770 in
1347 731 1395 770 iis

273 787 343 839 qui
361 788 402 826 in
420 789 629 828 honoribus
648 803 765 851 reque
783 789 939 841 publica
956 796 1166 827 versantur.
1193 787 1274 826 Ubi
1293 785 1397 825 enim

268 842 387 880 istum
414 843 598 890 invenias,
619 844 688 895 qui
713 843 897 882 honorem
924 842 1038 882 amici
1062 849 1270 897 anteponat
1295 839 1396 879 suo?

269 895 411 944 Quid?
440 897 521 936 haec
549 907 594 935 ut
612 897 805 947 omittam,
832 910 952 949 quam
977 909 1125 948 graves,
1151 907 1271 948 quam
1294 893 1399 933 diffi-

272 950 376 997 ciles,
397 951 589 1004 plerisque
609 951 786 991 videntur
810 951 1074 990 calamitatum
1093 948 1313 989 societates!
1345 947 1397 986 ad

274 1017 386 1055 quas,
408 1017 485 1043 non
502 1013 560 1043 est
577 1005 688 1044 facile
706 1006 882 1055 inventu,
902 1005 971 1057 qui
988 1003 1203 1043 descendat.
1245 1002 1399 1051 Quam-

272 1071 394 1110 quam
414 1058 567 1098 Ennius
587 1068 710 1098 recte.

332 1136 362 1157 ‘⁴
381 1133 548 1173 Amicus
567 1142 691 1174 certus
710 1135 751 1174 in
769 1148 811 1174 re
828 1133 971 1174 ineerta
989 1133 1154 1174 cernitur
1167 1132 1210 1172 :⁹⁹

269 1226 399 1260 tamen
417 1221 500 1260 haec
513 1222 591 1261 duo
609 1222 772 1261 levitatis
791 1230 827 1261 et
840 1222 1072 1261 infirmitatis
1090 1222 1291 1274 plerosque
1301 1232 1395 1259 con-

269 1274 453 1322 vincunt3
484 1284 551 1314 aut
582 1277 613 1315 si
637 1277 678 1315 in
703 1277 813 1315 bonis
836 1278 949 1315 rebus
974 1283 1238 1323 contemnunt,
1258 1282 1326 1313 aut
1351 1274 1392 1312 in

275 1329 388 1368 malis
404 1329 599 1369 deserunt.

326 1382 494 1422 XVIII.
525 1383 607 1432 Qui
634 1384 752 1436 igitur
780 1383 945 1436 utraque
970 1383 1010 1423 in
1037 1397 1077 1422 re
1105 1395 1276 1435 gravem,
1305 1394 1395 1422 con-

272 1443 452 1486 stantem,
473 1439 649 1477 stabilem
669 1452 707 1477 se
726 1439 767 1477 in
791 1438 960 1477 amicitia
977 1438 1208 1490 praestiterit,
1226 1436 1332 1475 hunc
1348 1449 1398 1474 ex

273 1491 446 1529 maxime
464 1505 550 1531 raro
568 1492 774 1531 hominum
791 1503 929 1545 genere
950 1492 1124 1542 judicare
1142 1491 1342 1540 debemus,
1361 1497 1401 1529 et

273 1557 385 1596 paene
404 1545 547 1585 divino.

330 1599 642 1639 Firmamentum
677 1608 808 1639 autem
845 1600 1061 1640 stabilitatis
1101 1598 1400 1650 constantiaeque

271 1652 371 1702 ejus,
399 1667 519 1705 quam
545 1654 586 1692 ιιι
611 1655 781 1693 amicitia
807 1655 1030 1706 quaerimus,
1059 1654 1152 1692 fides
1178 1660 1245 1692 oet.
1287 1651 1402 1691 Nihil

274 1706 381 1744 enim
399 1708 534 1746 stabile
552 1716 622 1757 est,
642 1708 748 1760 quod
765 1707 932 1746 infidum
951 1716 1018 1746 est.
1056 1707 1281 1767 Simplicem
1301 1719 1403 1758 prae-

273 1766 391 1807 terea,
424 1769 461 1799 et
490 1775 752 1809 communem,
782 1770 819 1800 et
849 1763 1161 1809 consentientem,
1191 1760 1260 1812 qui
1286 1761 1402 1799 rebus

275 1813 413 1852 iisdem
432 1824 643 1862 moveatur,
660 1816 750 1867 eligi
767 1829 837 1868 par
852 1824 931 1855 est:
962 1829 1050 1869 quae
1063 1815 1194 1854 omnia
1211 1814 1403 1866 pertinent

275 1867 327 1905 ad
346 1868 593 1907 fidelitatem.
625 1882 750 1922 neque
769 1870 871 1908 enim
890 1869 1013 1908 fidum
1031 1876 1155 1921 potest
1169 1881 1248 1908 esse
1265 1867 1400 1906 multi-

275 1921 397 1972 plex'
387 1923 602 1974 mgenium,
623 1932 659 1962 et
686 1931 924 1962 tortuosum.
955 1936 1081 1975 neque
1099 1935 1201 1971 vero,
1229 1922 1298 1974 qui
1323 1933 1403 1959 non

274 1975 414 2014 iisdem
434 1979 545 2016 rebus
563 1986 753 2025 movetur,
774 1986 811 2016 et
829 1978 967 2016 natura
989 1977 1189 2025 consentit,
1208 1984 1276 2014 aut
1300 1974 1402 2013 fidus

282 2037 352 2066 aut
370 2030 514 2068 stabilis
531 2039 655 2083 potest
673 2044 763 2070 esse·

330 2082 571 2123 Addendum
590 2085 723 2123 eodem
742 2092 812 2134 est,
831 2092 877 2124 ut
893 2098 943 2124 ne
966 2084 1189 2125 criminibus
1214 2090 1282 2122 aut
1301 2081 1399 2120 infe-

279 2135 406 2182 tendis
420 2137 640 2187 delectetur,
660 2147 729 2177 aut
739 2138 866 2177 credat
879 2139 1042 2178 oblatis·
1073 2152 1160 2190 quae
1171 2137 1302 2177 omnia
1314 2148 1402 2187 per-

277 2188 403 2230 tinent
420 2192 470 2230 ad
487 2205 588 2242 mm,
604 2205 722 2246 quam
737 2193 972 2244 jamdudum
984 2200 1119 2242 tracto,
1133 2189 1398 2232 constantiam.
