1470 2402
260 399 345 452 M.
373 397 632 451 TULLII
675 397 1116 469 CICERONIS,

652 547 715 576 DE

196 652 1169 728 DIVINATIONE,

378 802 584 843 LIBER
617 803 977 845 SECUNDUS.

584 958 795 995 -ψκ-

171 1095 206 1135 Ῐ.
227 1094 500 1145 QUAERENTI
518 1097 629 1145 mihi,
645 1097 892 1149 multumque
906 1104 942 1135 et
957 1097 1023 1135 diu
1039 1096 1233 1148 cogitanti,

116 1151 287 1203 quanam
305 1165 344 1189 re
358 1164 507 1202 possem
522 1152 696 1204 prodesse
711 1165 828 1204 quam
843 1152 1033 1203 plurimis,
1050 1164 1098 1189 ne
1112 1164 1236 1202 quan-

117 1206 167 1243 do
185 1205 474 1244 intermitterem
501 1207 694 1245 consulere
717 1207 948 1258 reipublicae‚
978 1206 1086 1244 nulla
1111 1207 1236 1255 major

117 1261 350 1307 occurrebat,
371 1273 489 1311 quam
509 1261 540 1299 si
558 1261 791 1313 optimarum
804 1261 943 1299 artium
956 1261 1034 1298 m'as
1046 1259 1234 1298 traderem

116 1314 212 1352 meis
237 1314 406 1360 civibus3
437 1315 540 1366 quod
567 1316 827 1367 compluribus
849 1316 931 1364 jam
953 1314 1059 1352 libris
1085 1326 1148 1351 me
1173 1327 1234 1352 ar-

116 1368 236 1406 bitror
268 1376 524 1408 consecutum.
569 1370 676 1408 Nam
714 1378 751 1408 et
783 1368 966 1408 cohortati
1003 1381 1149 1415 sumus,
1190 1375 1235 1406 ut

115 1422 286 1460 maxime
303 1422 512 1474 potuimus,
534 1424 582 1462 ad
601 1423 849 1475 philosophiae
868 1423 1053 1469 studium,
1074 1435 1117 1461 eo
1135 1422 1234 1460 libro

116 1476 185 1528 qui
204 1484 258 1515 est
284 1477 485 1528 inscriptus
509 1478 764 1524 Hortensius3
795 1486 845 1527 et,
873 1478 977 1529 quod
1000 1489 1121 1528 genus
1145 1476 1234 1528 phi-

114 1530 341 1582 losophandi
358 1532 518 1570 minime
537 1545 728 1584 arrogans,
748 1533 994 1583 maximeque
1008 1539 1045 1569 et
1059 1539 1233 1569 constans

112 1592 151 1623 et
176 1586 326 1636 elegans
351 1586 634 1634 arbitraremur,
664 1595 827 1638 quatuor
855 1585 1097 1624 Academicis
1125 1584 1234 1623 libris

111 1639 361 1677 ostendimus,
404 1640 582 1692 Cumque
610 1641 907 1679 fundamentum
940 1648 1034 1678 esset
1065 1639 1234 1690 phflosoa

112 1693 214 1744 phiae
231 1694 400 1745 positum
424 1694 465 1732 in
490 1695 630 1734 finibus
648 1697 838 1733 bonorum
858 1702 894 1733 et
910 1695 1117 1740 malorum,
1145 1706 1233 1744 per-

109 1755 297 1799 purgatus
316 1754 371 1786 εκεῖ
388 1748 421 1787 is
438 1749 543 1788 locus
562 1763 585 1787 a
602 1750 711 1788 nobis
730 1749 901 1801 quinque
917 1748 1037 1794 libris,
1057 1755 1116 1794 ut,
1137 1745 1231 1798 quid

111 1815 136 1840 a
154 1815 320 1854 quoque,
342 1809 379 1840 et
394 1803 487 1854 quid
506 1811 636 1842 contra
654 1816 848 1855 quemque
866 1801 1150 1854 philosophum,
1170 1800 1231 1838 di-

107 1863 270 1902 ceretur,
286 1855 448 1908 intelligi
461 1865 597 1909 posset.
627 1858 808 1896 Totidem
823 1856 1012 1896 subsecuti
1023 1854 1111 1893 libri
1126 1854 1230 1892 Tus-

105 1911 335 1949 culanarum
371 1910 674 1963 disputationum
706 1925 764 1950 res
796 1912 845 1950 ad
876 1913 985 1950 beate
1020 1908 1228 1948 vivendum

107 1965 278 2003 maxime
297 1966 522 2004 necessarias
541 1973 781 2018 aperuerunt.
812 1966 968 2003 Primus
986 1963 1085 2002 enim
1106 1970 1162 2000 est
1179 1962 1228 2000 de

105 2019 385 2058 contemnenda
403 2028 550 2066 morte3
581 2020 768 2059 secundus
787 2020 834 2058 de
852 2018 1045 2058 tolerando
1069 2016 1224 2062 dolore;

101 2072 153 2111 de
179 2073 402 2124 aegritudine
426 2074 604 2113 lenienda
629 2075 786 2120 tertius3
817 2081 974 2126 quartus
999 2072 1047 2110 de
1070 2070 1226 2121 reliquis

101 2127 224 2166 animi
253 2128 630 2179 perturbationibus:
661 2129 818 2181 quintus
848 2141 937 2166 eum
967 2128 1093 2165 locum
1122 2137 1226 2166 com.-

103 2183 242 2233 plexus
269 2189 338 2233 est,
369 2182 438 2235 qui
463 2190 583 2223 totam
608 2182 890 2236 philosophiam
922 2180 1089 2220 maxime
1118 2178 1227 2217 illus-

825 2248 851 2275 r
881 2237 906 2274 3
