1470 2402
211 98 292 137 408
538 99 912 141 PARADOXON
942 99 1026 140 ΙΙΙ.

209 207 405 248 metienda
423 217 524 249 sunt.
556 210 605 248 In
625 223 703 263 quo
724 219 917 262 peccatur,
936 209 976 248 id
993 214 1119 262 potest
1136 206 1243 246 aliud
1261 205 1337 245 alio

210 263 338 312 majus
357 277 449 312 esse,
470 272 538 303 aut
554 265 711 303 minus:
741 266 871 317 ipsum
883 264 1040 317 quidem
1055 262 1155 302 illud
1166 272 1337 314 peceare,

203 329 361 369 quoquo
379 319 547 366 verteris,
569 333 694 358 unum
713 328 780 358 est.
810 319 915 358 Auri
938 331 1078 358 navem
1097 323 1242 356 evertat
1259 327 1334 367 gu-

208 372 401 420 bernator‚
422 386 471 411 an
483 375 628 439 paleae;
658 375 698 413 in
718 388 758 413 re
777 372 1105 426 aliquantuluQ‘
1093 385 1134 410 111
1147 372 1339 431 guberna-

208 425 300 464 toris
328 427 527 466 inscientia
556 429 668 476 nihil,
689 429 856 467 interest.
901 428 1032 480 Lapsa
1060 434 1117 465 oet
1142 424 1265 464 libido
1294 423 1338 461 in

206 480 368 520 muliere
385 482 542 533 ignota:
574 483 683 522 dolor
701 483 750 522 ad
763 482 960 535 pauciores
973 481 1152 542 pertinet,
1168 490 1288 541 quam
1307 476 1340 516 si

206 535 384 598 petulans
402 537 564 576 fuisset
554 550 594 575 ιι1
614 537 746 590 aliqua
763 549 946 588 generosa
957 549 1001 575 ac
1020 534 1141 574 nobili
1159 533 1335 585 virgine·

205 591 376 640 peccavit
404 604 491 630 vero
522 591 644 630 nihilo
673 592 818 639 minus,
849 591 880 629 si
905 590 1063 643 quidem
1088 597 1145 628 est
1167 599 1338 641 peooere,

206 651 408 696 tamquam
429 646 618 684 transilire
636 646 781 684 lineas.
812 645 917 698 quod
936 658 1027 683 cum
1051 643 1197 691 feoeris,
1225 641 1340 693 culpa

207 699 411 737 commissa
431 709 512 738 est·
544 713 663 752 quam
682 701 797 752 longe
815 699 1073 751 progrediare,
1104 710 1194 737 cum
1219 695 1337 735 semel

207 753 414 801 transieris,
436 754 485 792 ad
499 755 717 806 augendam
729 753 953 793 transeundi
964 753 1120 805 culpam
1137 751 1236 790 nihil
1253 763 1340 803 per-

208 806 316 845 tinet.
367 808 529 847 Peccare
548 817 647 847 certe
664 809 754 847 licet
772 808 930 847 nemini.
974 808 1093 856 Quod
1112 814 1243 845 autem
1260 816 1340 843 non

205 861 308 909 licet,
330 862 370 900 id
388 863 460 902 hoc
482 876 558 901 uno
573 871 738 911 tenetur,
760 863 791 901 si
806 862 981 914 arguitur
991 875 1068 900 non
1087 861 1210 900 lioere.
1244 859 1294 899 Id
1308 859 1341 898 si

207 928 277 955 nee
296 918 423 966 majus
444 930 511 956 nec
530 918 660 956 minus
682 930 858 969 unquam
881 917 962 955 fieri
985 924 1109 969 potest
1134 914 1337 968 (quoniam

209 970 250 1008 in
266 983 310 1009 eo
330 980 385 1010 est
403 980 617 1023 peccatum,
635 972 666 1010 51
685 985 762 1010 non
774 971 882 1010 licuit
897 985 909 1017 ς
931 970 1037 1023 quod
1051 983 1202 1022 semper
1212 981 1338 1007 unum

207 1032 244 1063 et
263 1025 366 1063 idem
395 1034 483 1074 est),
504 1040 592 1078 quae
612 1040 659 1065 ex
679 1039 722 1065 eo
742 1033 895 1078 peccata
919 1032 1143 1072 nascuntur,
1173 1023 1340 1076 aequalia

207 1079 297 1128 sint,
319 1089 478 1131 oportet.
522 1081 641 1143 Quod
668 1082 700 1120 si
728 1081 887 1119 virtutae
913 1093 1023 1132 paroe
1048 1087 1138 1118 sunt
1165 1078 1265 1117 inter
1283 1091 1337 1124 se,

206 1135 315 1185 paria
340 1148 419 1173 esse
438 1136 553 1174 etiam
574 1136 666 1174 vitia
691 1148 841 1174 necesse
868 1142 934 1173 est.
974 1134 1103 1186 Atqui
1125 1146 1235 1186 parae
1257 1145 1338 1172 esse

207 1188 380 1236 virtutes,
415 1202 485 1228 nec
515 1192 616 1228 bono
646 1190 727 1228 viro
756 1189 969 1236 meliorem,
1001 1201 1071 1227 nec
1100 1194 1338 1250 temperante

206 1244 557 1294 temperantiorem,
578 1256 647 1282 nec
662 1244 751 1282 forti
769 1244 979 1291 fortiorem,
1000 1255 1069 1281 nec
1089 1242 1258 1295 sapiente
1276 1254 1338 1281 sa-

206 1296 433 1349 pientiorem
453 1311 561 1350 posse
581 1298 676 1346 fieri,
707 1297 888 1336 facillime
906 1305 1030 1349 potest
1056 1296 1230 1349 perspici.
1266 1300 1338 1336 An

208 1351 337 1389 virum
355 1353 502 1390 bonum
522 1353 637 1400 dices,
658 1353 727 1404 qui
754 1352 970 1414 depositum
991 1351 1100 1390 nullo
1118 1359 1338 1398 teste,cum

207 1405 378 1444 lucrari
367 1420 528 1468 impune
546 1415 673 1458 posset
691 1406 774 1444 auri
792 1406 921 1458 pondo
944 1405 1091 1453 decem,
1111 1405 1332 1453 reddiderit,

205 1460 237 1498 si
255 1459 358 1498 idem
383 1461 424 1499 in
445 1461 576 1500 decem
604 1461 778 1500 millibus
800 1461 929 1513 pondo
947 1473 1025 1499 non
1047 1461 1152 1499 idem
1172 1459 1337 1499 fecerit?

207 1522 275 1552 aut
294 1522 572 1567 temperantem
588 1529 693 1562 eum,
715 1516 783 1568 qui
802 1528 841 1554 se
859 1515 900 1553 in
919 1514 1051 1567 aliqua
1067 1515 1228 1554 libidine
1245 1525 1337 1553 oon-

206 1569 378 1616 tinuerit,
395 1570 434 1608 in
455 1570 587 1622 aliqua
605 1570 811 1608 effuderit?
841 1570 934 1609 Una
960 1569 1082 1608 virtus
1101 1577 1157 1609 oet
1178 1580 1337 1608 consen-

204 1623 303 1662 tiens
328 1637 418 1662 cum
437 1625 582 1663 ratione
601 1632 638 1663 et
656 1632 841 1676 perpetua
861 1624 1098 1663 constantia:
1128 1623 1227 1662 nihil
1243 1622 1337 1662 huic

205 1677 296 1716 addi
314 1686 452 1730 potest,
474 1692 551 1731 quo
570 1679 695 1730 magis
708 1679 829 1717 virtus
848 1678 923 1717 sit:
953 1678 1052 1716 nihil
1070 1678 1188 1726 demi,
1201 1684 1247 1717 ut
1259 1676 1337 1716 vir-

207 1733 301 1770 tutis
318 1745 460 1772 nomen
480 1733 730 1785 relinquatur.
772 1733 946 1779 Etenim,
966 1732 998 1771 si
1016 1732 1213 1772 benefacta
1234 1738 1337 1771 recte

205 1786 307 1825 facta
325 1795 429 1834 sunt,
451 1796 487 1826 et
506 1788 604 1826 nihil
622 1796 723 1826 recto
742 1788 906 1833 rectius;
936 1794 1036 1826 certe
1061 1799 1110 1826 ne
1127 1787 1230 1826 bono
1247 1785 1335 1848 qui-

207 1840 297 1879 dem
322 1842 461 1880 melius
481 1842 726 1904 quidquam
715 1841 878 1881 invenin'
896 1849 1031 1894 potest.
1061 1840 1272 1894 Sequitur'
1261 1840 1335 1892 1gi-

206 1903 284 1942 tur,
313 1903 357 1933 ut
385 1896 500 1934 etiam
528 1896 621 1934 vitia
646 1897 723 1935 sint
746 1896 878 1948 paria;
909 1895 1098 1948 siquidem
1126 1895 1333 1947 pravitates

206 1949 327 1987 animi
342 1961 440 1988 recte
453 1963 476 1988 ι
477 1950 544 1988 itia
558 1950 750 1989 dicuntur.
779 1950 921 2002 Atqui,
935 1949 1118 2002 quoniam
1134 1962 1243 2001 pares
1257 1949 1334 1987 vir·

204 2012 305 2042 tutes
325 2012 428 2047 sunt..
458 2013 557 2043 recte
586 2005 700 2051 facta,
720 2004 875 2066 quando
894 2018 917 2043 a
935 2004 1141 2042 virtutibus
1163 2003 1332 2055 proficis·

205 2071 249 2096 cu
256 2066 360 2119 ntur,
380 2058 488 2110 paria
499 2071 577 2097 esse
589 2058 752 2098 debent.
783 2059 954 2110 itemque
965 2066 1132 2109 peccata,
1148 2057 1332 2110 quoniam

205 2125 254 2150 ex
274 2112 375 2150 vitiis
393 2122 567 2159 manant,
589 2113 664 2152 sint
677 2113 859 2176 aequalia,
881 2125 1029 2151 necesse
1048 2119 1114 2150 ωε.

261 2165 319 2203 Π.
349 2166 391 2204 A
409 2142 572 2219 philoso}
574 2167 686 2214 11115,
674 2168 817 2220 inquis,
838 2167 910 2205 ista
928 2166 1060 2205 sumis.
1090 2165 1333 2212 hletuebam,

206 2232 269 2270 ne,
282 2233 305 2258 a
318 2221 536 2271 lenonibus,
556 2221 709 2262 diceres.
740 2223 912 2262 Socrates
922 2220 1143 2274 disputabat
1160 2220 1233 2260 isto
1250 2231 1336 2259 mo—
