1470 2402
454 88 866 129 PHAENOMENA.
1149 94 1230 129 449

103 197 205 238 Sunt
223 197 322 238 inter
339 207 466 251 partes
484 200 628 251 gelid-as
644 199 847 252 Aquiloni'
866 200 1013 246 locatae,
1180 199 1232 243 07

107 253 240 306 Atque
257 253 357 292 inter
375 254 545 306 spatium
565 263 600 292 et
619 255 698 292 laeti
718 255 876 306 vestigia
895 255 995 293 solis.

107 308 164 346 At
181 321 268 360 pars
287 308 441 347 inferior
460 308 649 360 Delphini
666 309 775 347 fusca
793 310 944 347 videtur

107 361 215 400 Inter
233 362 320 401 solis
338 363 423 411 iter,
445 363 562 401 simul
580 363 678 402 inter
697 363 855 401 flamina
869 363 986 410 venti,
1157 363 1234 401 100

106 416 268 455 Viribus
287 417 455 469 erumpit
473 417 552 469 quii
571 418 714 455 summi
734 417 888 468 spiritus
909 417 1057 456 Austri.

107 471 264 510 Exinde
283 471 422 519 Orion,
443 472 600 523 obliquo
621 485 774 524 corpere
798 472 937 518 nitens,

107 524 297 564 Inferiora
316 533 418 565 tenet
437 526 643 564 truculenti
671 539 827 577 corpora
847 526 971 565 Tauri
988 540 998 563 :

109 580 241 628 Quem
261 581 344 632 qui,
365 580 573 632 suspiciens
591 581 631 618 in
652 582 789 619 coelum
809 590 919 619 nocte
938 580 1084 627 serena,

108 635 208 674 Late
226 634 440 687 dispersum
460 648 536 673 non
556 635 706 682 viderit,
726 635 831 673 haud
846 635 900 673 ita
919 648 1007 673 vero
1157 635 1234 673 105

110 690 260 729 Caetera
278 703 316 728 se
336 696 459 741 speret
478 703 700 741 cognoscere
719 689 829 741 signa
847 698 1008 741 potesse.

109 744 295 795 Namque
312 744 428 796 pedes
447 745 576 783 subter
594 744 710 782 rutilo
729 757 815 782 cum
837 744 985 782 lumine
1004 744 1120 783 claret

108 798 298 837 Fervidus
315 799 380 836 ille
402 797 534 845 Canis,
552 799 750 836 stellarum
770 799 856 836 luce
877 799 1082 849 refulgens.

109 853 232 892 Hunc
250 853 344 904 tegit
362 854 545 891 obscurus
565 855 693 891 subter
712 853 919 904 praecordia
938 859 1088 890 venter:

111 907 153 946 N
157 921 198 946 ec
217 914 296 946 toto
315 908 461 959 spirans
480 907 613 945 rabido
629 907 675 945 de
695 920 847 958 corpore
866 907 1082 955 flammam,
1161 908 1238 945 llo

109 961 314 1001 AEstiferos
333 961 467 1000 validis
486 962 654 1013 erumpit
673 962 827 1000 flatibus
845 962 976 1009 ignes:

112 1016 239 1055 Totus
257 1018 306 1055 ab
325 1029 389 1055 ore
407 1016 553 1055 micans
570 1016 709 1066 jacitur
727 1017 954 1054 mortalibus
973 1015 1099 1054 ardor.

112 1070 193 1109 Hic
211 1071 280 1109 ubi
299 1084 351 1118 se,
371 1070 513 1122 pariter
531 1083 619 1110 cum
641 1071 732 1117 sole,
751 1070 792 1108 in
812 1070 982 1109 eulmina
1002 1070 1085 1108 coeli

111 1125 284 1173 Extulit,
304 1125 409 1163 haud
429 1125 573 1177 patitur
591 1124 771 1164 foliorum
791 1125 962 1177 tegmine
979 1124 1120 1163 frustra

113 1180 325 1231 S-uspensos
343 1179 492 1218 animos
511 1182 666 1218 arbusta
684 1187 817 1217 ornata
836 1188 964 1217 tenere
981 1192 991 1215 ε
1161 1179 1238 1216 115

111 1233 236 1282 Nam,
256 1246 422 1286 quorum
438 1234 573 1286 stirpes
591 1234 706 1272 tellus
721 1234 901 1285 amplexa
914 1233 1129 1285 prehendit,

112 1287 212 1327 Haec
230 1301 374 1340 augens
394 1289 538 1335 anima,
559 1288 667 1327 vitali
686 1289 842 1326 flamine
857 1289 1003 1326 mulcet
1020 1302 1030 1326 :

109 1344 184 1391 At,
205 1355 373 1396 quorum
392 1350 591 1395 nequeunt
609 1343 753 1381 radices
772 1343 916 1381 findere
934 1351 1066 1391 terras,

111 1397 299 1436 Denudat
315 1397 417 1436 foliis
434 1411 577 1445 ramos,
599 1405 635 1435 et
654 1397 790 1436 cortice
809 1405 974 1435 truncos.

110 1452 235 1491 -Hunc
252 1459 422 1503 propter,
445 1453 654 1504 subterque
672 1451 801 1503 pedes,
823 1465 919 1503 quos
938 1451 1108 1490 diximus
1124 1459 1226 1498 ante,

111 1506 278 1553 Orioni',
295 1506 397 1556 jacet
413 1506 556 1558 levipes
576 1507 722 1559 Lepus.
752 1506 832 1544 Hic
851 1505 967 1557 fugit,
988 1506 1086 1544 ictus
1159 1506 1231 1544 121

111 1560 324 1599 Horrificos
342 1567 516 1598 metuens
536 1561 647 1599 rostri
665 1561 941 1599 tremebundus
960 1560 1074 1599 acuti.

111 1617 221 1655 Nam
242 1614 359 1653 Canis
377 1614 515 1654 infesto
527 1614 701 1667 sequitur
719 1615 878 1666 vestigia
892 1628 1020 1662 cursu,

110 1669 422 1721 Praecipitantem
440 1669 602 1720 agitans,
624 1669 808 1708 orientem
828 1669 994 1721 denique
1012 1669 1189 1721 paulum,

113 1724 363 1764 Curriculum
381 1736 584 1776 nunquam
599 1723 747 1762 defesso
767 1736 921 1775 corpore
939 1723 1086 1762 sedans.
1161 1723 1237 1761 125

112 1780 170 1819 At
189 1778 306 1818 Canis
324 1777 373 1816 ad
392 1778 555 1817 caudam
574 1791 728 1830 serpens
746 1778 970 1831 praelabitur
989 1780 1110 1828 Argo,

113 1836 348 1875 Conversam
366 1845 447 1884 prae
464 1845 504 1871 se
521 1839 678 1885 portans
692 1846 782 1872 cum
800 1832 948 1871 lumine
966 1831 1130 1884 puppim
1145 1845 1156 1869 ε

114 1890 224 1937 Non,
245 1887 330 1926 aliae
344 1899 458 1925 naves
477 1895 522 1926 ut
540 1887 581 1925 in
599 1887 677 1926 alto
695 1900 835 1939 ponere
853 1900 984 1938 proras

115 1945 221 1984 Ante
239 1942 375 1989 solent,
390 1948 510 1980 rostro
529 1942 570 1980 N
573 1943 731 1994 eptunia
749 1948 859 1994 prata
877 1948 1059 1988 secanteS,

115 1998 192 2040 Sed
210 2008 389 2036 conversa
405 2002 505 2035 retro
524 1997 608 2034 coeli
627 2009 666 2034 se
684 2009 752 2048 per
768 1996 854 2034 loca
866 2003 992 2047 portat
1008 2009 1018 2032 ε
1163 1995 1239 2033 130

114 2054 236 2101 Sicut,
257 2063 346 2090 cum
361 2056 527 2101 coeptant
544 2057 647 2089 tutos
666 2050 883 2101 contingere
901 2057 1048 2100 portus,

114 2109 338 2149 Obvertunt
355 2116 493 2143 navem
511 2117 655 2156 magno
673 2118 762 2143 cum
782 2103 949 2155 pondere
968 2113 1110 2151 nautae,

113 2163 408 2211 Adversamque
427 2159 586 2197 trahunt
602 2166 733 2211 optata
751 2158 799 2196 ad
817 2158 930 2195 litora
947 2157 1137 2209 puppim:

111 2218 175 2258 Sic
192 2220 512 2262 conversarvetus
531 2226 646 2266 super
665 2213 806 2257 aethera
824 2211 984 2263 vertitur
1005 2212 1125 2263 Argo,

837 2267 862 2304 2
885 2278 913 2306 Q
933 2267 958 2303 :3
