1470 2402
337 105 415 146 DE
446 106 842 155 OFFICIIS,·L113.
866 106 899 144 Ι.
931 104 1037 145 CAP.
1060 105 1126 143 41.
1217 105 1296 143 249

167 214 254 254 loco
285 214 387 255 dicta
413 223 532 255 sunt:
571 229 660 268 quae
687 221 819 254 autem
845 216 986 254 harum
1014 214 1221 262 virtutum,
1250 212 1299 251 de

168 269 310 321 quibus
325 271 477 320 jamdiu
496 270 709 323 loquimur,
731 284 819 322 quae
837 270 1030 322 pertinent
1048 269 1098 307 ad
1117 280 1298 307 verecun-

168 323 289 373 diam,
309 332 348 364 et
365 325 416 363 ad
438 338 571 363 eorum
596 325 928 378 approbationem,
949 324 1183 376 quibuscum
1202 322 1298 361 vivi-

168 390 271 425 mus,
291 391 396 418 nunc
413 379 575 418 dicenda
594 387 695 418 sunt.

181 471 185 474 .
223 432 262 471 Γ
264 433 334 472 ahs
367 441 423 472 est
451 434 570 485 igitur
602 434 695 472 ordo
727 434 922 472 actionum
951 432 1207 479 adhibendus,
1237 438 1297 478 ut,

169 487 500 539 quemadmodum
531 488 573 526 in
605 488 775 527 oratione
807 488 1008 534 constanti,
1044 487 1097 525 sic
1127 487 1169 524 in
1202 485 1297 533 vita,

169 541 302 580 omnia
320 542 396 580 sint
414 550 505 594 apta
523 543 622 581 inter
647 556 686 582 se
711 550 749 581 et
774 542 1048 581 convenientia.
1089 541 1225 592 Turpe
1244 548 1300 578 est

169 595 288 643 enim,
308 596 496 648 valdeque
510 597 706 646 vitiosum,
724 597 764 634 in
783 611 823 635 re
841 597 984 645 severa,
1005 596 1169 635 convivii
1183 595 1298 641 dicta,

169 657 237 688 aut
255 650 462 689 delicatum
480 651 650 704 aliquem
669 651 809 690 inferre
828 663 1055 690 sermonem.
1096 651 1205 689 Bene
1224 650 1300 687 Pe-

168 704 292 753 ricles,
312 718 403 744 cum
427 706 586 744 haberet
610 706 797 757 collegam
823 706 864 743 in
882 705 1051 757 praetura
1069 704 1299 756 Sophoclem

167 762 338 810 poetam,
364 760 484 812 hique
509 761 557 798 de
582 760 781 799 communi
806 760 929 798 officio
956 759 1234 805 convenissent,
1261 766 1299 797 et

169 825 259 852 casu
277 814 468 853 formosus
481 828 578 866 puer
591 814 814 866 praeteriret,
828 814 1061 866 dixissetque
1073 812 1297 865 Sophocles,

171 870 200 909 ‘⁷‘
217 867 256 907 O
275 881 442 919 puerum
460 869 684 920 pulchrum,
706 869 854 908 Pericle
870 869 911 906 !''
953 872 981 892 ‘⁶
996 868 1056 906 At
1077 868 1181 906 enim
1200 881 1299 919 prae-

169 928 307 971 torem,
328 923 531 975 Sophocle,
547 923 668 971 decet,
690 936 767 962 non
783 924 909 962 solum
927 934 1081 970 manus,
1102 922 1169 961 sed
1183 922 1301 961 etiam

156 977 315 1025 oculos,
336 978 568 1017 abstinentes
586 978 767 1016 habere.”
796 977 926 1029 Atqui
943 977 1016 1016 hoc
1030 977 1134 1016 idem
1149 977 1299 1028 Sopho-

170 1030 246 1070 cles
265 1031 297 1070 si
315 1031 356 1070 in
377 1033 609 1072 athletarum
624 1031 848 1084 probatione
862 1031 1033 1080 dixisset,
1050 1032 1157 1082 justa
1170 1045 1298 1082 repre-

168 1084 353 1125 hensione
371 1087 576 1126 caruisset:
607 1094 714 1125 tanta
733 1087 790 1125 vis
809 1095 865 1125 est
884 1094 921 1125 et
939 1086 1026 1134 loci,
1047 1094 1085 1124 et
1102 1086 1298 1137 temporis.

168 1139 228 1178 Ut
250 1140 282 1178 si
308 1140 410 1192 quis,
431 1154 521 1181 cum
546 1154 704 1180 causam
730 1141 779 1179 sit
804 1148 973 1188 acturus,
994 1141 1035 1178 in
1060 1140 1210 1188 itinere,
1231 1149 1301 1179 aut

168 1193 210 1232 in
235 1195 513 1246 ambulatione,
541 1209 672 1236 secum
697 1196 778 1248 ipse
803 1195 1023 1243 meditetur,
1051 1202 1119 1233 aut
1146 1195 1179 1234 si
1203 1195 1299 1247 quid

169 1248 277 1287 aliud
301 1251 484 1289 attentius
512 1251 665 1303 cogitet,
695 1263 772 1289 non
801 1249 1124 1302 reprehendatur.
1160 1257 1200 1288 at
1226 1249 1300 1288 hoc

168 1302 273 1342 idem
293 1304 326 1342 si
345 1304 387 1343 in
413 1306 586 1345 convivio
611 1305 740 1355 faciat,
767 1305 1005 1344 inhumanus
1030 1303 1250 1354 videatur,
1239 1316 1300 1342 111-

171 1357 328 1397 scientia.
345 1360 541 1412 temporis.

185 1444 191 1449 .
223 1412 301 1452 Sed
328 1427 386 1475 ea,
416 1428 505 1466 quae
528 1415 700 1454 multum
725 1416 775 1454 ab
801 1414 1042 1453 humanitate
1066 1414 1314 1466 discrepant,

168 1473 228 1515 111,
249 1468 283 1506 51
300 1469 386 1520 quis
409 1468 453 1507 in
477 1470 559 1508 foro
583 1478 725 1519 cantet,
746 1477 814 1508 aut
841 1469 873 1508 51
891 1483 970 1522 qua
988 1478 1045 1508 est
1062 1469 1139 1507 alia
1156 1479 1300 1520 magna

168 1523 408 1573 perversitas,
435 1523 546 1563 facile
571 1532 782 1576 apparent3
812 1536 882 1563 nec
907 1537 1141 1575 magnopere
1165 1523 1300 1561 admo-

170 1575 358 1619 nitionem
374 1586 414 1616 et
431 1587 622 1631 praecepta
639 1578 865 1617 desiderant.
907 1577 1009 1626 Quae
1031 1586 1162 1616 autem
1181 1590 1301 1629 parva

171 1630 350 1671 videntur
374 1645 454 1671 esse
477 1633 630 1681 delicta,
656 1645 782 1685 neque
808 1646 832 1671 a
857 1633 992 1670 multis
1018 1631 1185 1693 intelligi
1211 1644 1300 1683 pos-

171 1692 277 1734 sunt,
297 1685 413 1728 abiis
431 1694 487 1726 est
506 1687 728 1739 diligentius
746 1686 1030 1725 declinandum.
1071 1687 1129 1725 Ut
1153 1687 1195 1724 in
1214 1686 1301 1723 fidi..

172 1740 260 1787 bus,
281 1747 350 1778 aut
366 1740 408 1780 in
422 1741 539 1790 tibiis,
555 1741 732 1793 quamvis
747 1741 910 1792 paulum
924 1741 1154 1792 discrepent,
1169 1748 1300 1779 tamen

172 1793 215 1832 id
232 1806 256 1831 a
274 1794 414 1833 sciente
433 1796 687 1834 animadverti
712 1797 832 1841 solet;
863 1795 916 1833 sic
941 1795 1150 1834 videndum
1179 1802 1234 1833 est
1258 1795 1316 1832 in.

173 1848 268 1896 vita,
298 1861 348 1887 ne
374 1849 472 1888 forte
495 1851 590 1902 quid
615 1850 828 1902 discrepet3
860 1850 922 1887 vel
938 1849 1064 1887 multo
1082 1848 1200 1887 etiam
1217 1862 1303 1887 ma-

171 1902 247 1954 gis,
275 1916 353 1954 quo
377 1906 501 1954 major
525 1912 565 1942 et
590 1904 727 1943 melior
753 1903 948 1945 actionum
974 1906 1094 1955 quam
1119 1916 1302 1942 sonorum

175 1965 380 1997 concentus
400 1966 466 1997 est.

227 2011 345 2050 XLI.
390 2013 544 2065 ltaque,
582 2020 627 2051 ut
662 2013 703 2051 in
740 2012 882 2051 fidibus
917 2011 1154 2051 musicorum
1191 2025 1303 2052 aures

173 2066 237 2104 vel
254 2067 418 2106 minima
441 2068 635 2113 sentiunt,
624 2081 634 2091 ·
665 2067 718 2106 sic
743 2079 827 2116 1105,
848 2067 880 2105 51
905 2079 1009 2105 acres
1032 2079 1077 2105 ac
1101 2067 1303 2118 diligentes

174 2132 255 2159 <sse
273 2122 453 2161 volumus
472 2122 795 2162 animadversores
813 2121 1011 2169 vitiorum,
1033 2133 1178 2172 magna
1202 2134 1303 2173 saepe

174 2173 435 2227 intelligemus
453 2190 502 2215 ex
519 2177 659 2238 parvis.
693 2176 761 2215 Ex
778 2176 978 2216 oculorum
997 2178 1152 2224 obtutu,
1169 2188 1220 2214 ex
1238 2189 1318 2213 su-.

174 2229 421 2280 perciliomm
441 2239 508 2271 aut
526 2231 659 2271 remis
643 2231 747 2271 sione
765 2238 833 2270 aut
852 2230 1120 2281 contractione,
1141 2243 1190 2270 ex
1211 2242 1320 2269 moe„
