1470 2402
254 69 537 112 SOMNIUM
566 70 867 112 SCIPIONIS.
888 71 996 111 CAP.
1016 73 1054 110 2.
1139 71 1215 110 421

91 178 251 227 solebat,
282 192 440 220 somnus
469 181 694 233 complexus
726 189 794 220 est.
843 181 924 221 Hic
960 180 1059 219 mihi
1091 179 1222 224 (credo

40 282 46 286 1
93 233 272 296 equidem
300 248 348 273 ex
367 235 453 284 hoc,
474 236 579 287 quod
598 249 750 274 eramus
767 236 910 274 locuti:
940 235 985 274 fit
1004 235 1107 274 enim
1126 234 1220 282 fere,

91 294 137 325 ut
164 288 411 340 cogitationes
445 303 714 342 sermonesque
745 290 863 328 nostri
894 291 1047 341 pariant
1072 289 1222 341 aliquid

91 341 132 379 in
152 355 288 382 somno
307 345 397 393 tale,
419 346 533 406 quale
557 345 606 384 de
630 345 805 383 Homero
831 345 961 383 scribit
984 345 1153 393 Ennius,
1174 343 1223 382 de

91 409 170 448 quo
190 397 365 437 videlicet
385 400 591 451 saepissime
617 399 780 450 vigilans
806 400 951 438 solebat
976 399 1154 450 cogitare,
1184 405 1222 437 et

90 450 216 503 loqui)
235 453 446 492 Africanus
466 467 504 492 se
529 454 694 492 ostendit
713 467 756 492 ea
781 453 921 501 forma,
942 467 1029 506 quae
1055 453 1154 491 mihi
1174 465 1222 491 ex

90 505 261 568 imagine
288 508 386 557 ejus,
415 521 534 560 quam
561 522 609 547 ex
635 508 732 559 ipso,
755 516 834 547 erat
859 508 996 547 notior.
1026 507 1158 555 Quem
1177 514 1223 545 ut

91 560 246 621 agnovi,
279 562 458 613 equidem
487 562 674 601 cohorrui.
716 563 792 602 Sed
819 563 898 609 ine,
928 562 1051 609 Ades,
1078 562 1221 614 inquit,

90 614 234 664 animo,
263 623 300 654 et
325 617 460 656 omitte
484 617 677 667 timorem,
704 618 858 670 Scipio,
890 625 940 666 et,
966 631 1054 670 quae
1079 616 1222 663 dicam,

90 670 199 708 trade
216 671 425 710 memoriae.

145 724 204 763 II.
235 725 405 764 Videsne
441 726 550 765 illam
588 728 739 773 urbem,
775 740 878 788 quae,
910 739 1043 788 parere
1075 725 1222 778 populo

92 778 273 817 Romano
292 788 422 819 coacta
439 794 507 833 per
531 794 610 829 me,
638 789 795 820 renovat
821 781 982 833 pristina
1007 780 1123 829 bella,
1152 793 1223 819 nec

88 841 213 884 potest
242 835 465 885 quiescere?
504 836 743 879 (ostendebat
775 844 905 874 autem
940 835 1218 886 Carthaginem

88 887 137 925 de
156 889 319 936 excelso,
340 897 377 928 et
402 889 516 941 pleno
544 891 755 937 stellarum,
777 890 917 928 illustri
940 898 978 928 et
1003 890 1104 928 claro
1123 902 1221 941 quo-

89 941 181 980 dam
199 943 314 990 loco.)
345 945 414 982 Ad
437 958 556 996 quam
590 952 633 983 tu
660 945 962 996 oppugnandam
988 956 1092 982 nunc
1116 943 1222 982 venis

89 1009 202 1048 paene
220 997 346 1044 miles,
362 999 461 1037 hanc
473 999 545 1037 hoc
556 999 711 1038 biennio
727 999 859 1038 consul
872 1006 1014 1037 evertes
1029 1012 1040 1044 3
1073 998 1222 1050 eritque

86 1064 299 1102 cognomen
319 1053 359 1090 id
378 1053 449 1091 tibi
467 1067 534 1105 per
552 1061 590 1091 te
608 1061 777 1105 partum,
795 1053 898 1105 quod
917 1054 1036 1091 habes
1051 1052 1178 1091 adhuc
1196 1066 1220 1091 a

87 1106 197 1144 nobis
215 1106 513 1146 haereditarium.
556 1108 659 1146 Cum
674 1116 803 1146 autem
820 1107 1095 1159 Carthaginem
1115 1107 1219 1145 dele-

86 1160 198 1209 veris,
219 1161 463 1214 triumphum
484 1163 617 1213 egeris,
646 1176 852 1214 censorque
870 1163 1003 1205 fueris,
1025 1170 1062 1200 et
1079 1162 1218 1200 obieris

85 1215 235 1266 legatus
254 1217 490 1268 AEgyptum,
512 1217 680 1268 Syriam
701 1217 857 1263 Asiam,
887 1217 1093 1263 Graeciam,
1121 1216 1218 1254 deli-

86 1283 178 1321 gere
209 1270 351 1309 iterum
381 1272 514 1310 oonsul
546 1273 710 1317 absers;
740 1269 967 1323 bellumque
996 1271 1218 1309 maximum

86 1324 285 1363 conficies·
274 1354 286 1371 ,
308 1326 568 1364 Numantiam
581 1326 788 1365 exscindes.
811 1326 900 1372 Sed,
915 1339 1005 1364 cum
1019 1325 1090 1364 eris
1103 1338 1218 1363 curru

86 1378 349 1431 Capitolium
339 1389 524 1429 mvectus,
541 1381 708 1419 offendes
720 1381 999 1432 rempublicam
1014 1381 1217 1431 perturba-

85 1441 168 1472 tam
186 1434 351 1472 consiliis
370 1435 518 1487 nepotis
531 1435 621 1473 mei.
652 1435 693 1473 H
699 1437 733 1473 ic
752 1443 810 1481 tu,
826 1435 1024 1482 Africane,
1042 1433 1219 1472 ostendas

85 1488 276 1539 oportebit
300 1489 446 1539 patriae,
476 1490 611 1527 lumen
637 1489 771 1535 animi,
801 1489 961 1539 ingenii,
992 1488 1218 1539 consiliique

85 1542 155 1581 tui.
187 1543 263 1581 Sed
282 1544 364 1592 ejus
375 1543 557 1595 temporis
572 1544 778 1595 ancipitem
796 1543 906 1581 video
919 1543 1029 1594 quasi
1047 1541 1218 1581 fatorum

88 1596 204 1635 viam.
249 1597 371 1645 Nam,
392 1611 483 1636 cum
502 1605 593 1636 aetas
618 1605 687 1636 tua
713 1604 886 1649 septenos
906 1597 1020 1635 octies
1039 1596 1128 1634 solis
1147 1609 1218 1634 an-

87 1650 231 1690 fractus
263 1652 483 1704 reditusque
516 1653 755 1699 converterit,
789 1651 944 1703 duoque
973 1651 1015 1689 hi
1046 1651 1214 1699 numeri,

86 1719 255 1758 quorum
273 1714 435 1759 uterque
453 1707 604 1758 plenus,
625 1707 721 1745 alter
739 1706 859 1744 altera
883 1705 931 1744 de
950 1705 1078 1753 causa,
1098 1705 1218 1744 habe-

87 1767 166 1807 tur,
186 1761 347 1799 circuitu
373 1761 542 1799 naturali
561 1774 756 1799 summam
775 1761 847 1798 tibi
868 1760 1026 1798 fatalem
1046 1759 1216 1798 confece-

85 1814 189 1861 rint3
220 1815 261 1853 in
293 1823 331 1854 te
358 1829 497 1862 unum,
527 1822 643 1867 atque
674 1815 715 1853 in
745 1822 860 1853 tuum
886 1827 1043 1861 nomen,
1072 1827 1111 1853 se
1135 1821 1219 1853 tota

85 1877 280 1908 convertet
297 1870 428 1909 civitas
443 1885 453 1908 :
483 1878 521 1908 te
539 1876 706 1919 senatus,
727 1876 764 1908 te
782 1882 915 1908 omnes
932 1869 1038 1917 boni,
1052 1875 1090 1906 te
1108 1868 1215 1917 socii,

86 1930 124 1962 te
143 1924 289 1972 Latini,
309 1925 590 1964 intuebuntur:
621 1932 665 1962 tu
685 1924 756 1962 eris
775 1936 891 1971 unus,
911 1923 952 1961 in
972 1935 1050 1974 quo
1068 1922 1216 1961 nitatur

64 1978 248 2030 ‚civitatis
266 1979 394 2025 salus3
424 1992 482 2026 ac,
508 1991 557 2017 ne
580 1979 720 2027 multa,
748 1978 909 2016 dictator
933 1977 1214 2029 rempublicam

86 2033 293 2072 constituas
321 2040 484 2085 oportet,
515 2033 547 2071 si
571 2033 710 2084 impias
737 2032 1046 2085 propinquorum
1073 2044 1214 2070 manus

86 2086 277 2138 effugeris.
319 2087 400 2126 Hic
425 2100 516 2126 cum
541 2088 791 2126 exclamasset
816 2087 977 2133 Laelius,
1003 2086 1214 2138 ingemuis-

87 2148 248 2192 sentque
266 2142 392 2187 caeteri
410 2141 700 2190 vehementius3
729 2142 866 2181 leniter
884 2140 1054 2180 arridens
1068 2140 1212 2194 Scipio,

66 2220 69 2221 ν
142 2196 333 2246 (Philas.)
354 2208 462 2238 voi„
485 2208 549 2236 IV.
812 2197 837 2235 2
859 2207 887 2237 ο
