<?xml version="1.0" encoding="UTF-8"?>
<!DOCTYPE html PUBLIC "-//W3C//DTD XHTML 1.0 Transitional//EN"
    "http://www.w3.org/TR/xhtml1/DTD/xhtml1-transitional.dtd">
<html xmlns="http://www.w3.org/1999/xhtml" xml:lang="en" lang="en">
 <head>
  <title>
</title>
<meta http-equiv="Content-Type" content="text/html;charset=utf-8" />
  <meta name='ocr-system' content='tesseract 3.04.00' />
  <meta name='ocr-capabilities' content='ocr_page ocr_carea ocr_par ocr_line ocrx_word'/>
</head>
<body>
  <div class='ocr_page' id='page_1' title='image "./operaern04ciceuoft_0133.png"; bbox 0 0 1470 2402; ppageno 0'>
   <div class='ocr_carea' id='block_1_1' title="bbox 455 75 1277 127">
    <p class='ocr_par' dir='ltr' id='par_1_1' title="bbox 455 75 1277 127">
     <span class='ocr_line' id='line_1_1' title="bbox 455 75 1277 127; baseline -0.006 -8"><span class='ocrx_word' id='word_1_1' title='bbox 455 80 532 119; x_wconf 87' lang='lat' dir='ltr'>DE</span> <span class='ocrx_word' id='word_1_2' title='bbox 564 79 736 127; x_wconf 82' lang='lat' dir='ltr'>FATO,</span> <span class='ocrx_word' id='word_1_3' title='bbox 768 78 874 117; x_wconf 79' lang='lat' dir='ltr'>CAP.</span> <span class='ocrx_word' id='word_1_4' title='bbox 902 79 963 117; x_wconf 89' lang='lat' dir='ltr'>ll.</span> <span class='ocrx_word' id='word_1_5' title='bbox 1201 75 1277 114; x_wconf 79' lang='lat'>119</span> 
     </span>
    </p>
   </div>
   <div class='ocr_carea' id='block_1_2' title="bbox 117 185 1279 406">
    <p class='ocr_par' dir='ltr' id='par_1_2' title="bbox 117 185 1279 406">
     <span class='ocr_line' id='line_1_2' title="bbox 145 185 1276 242; baseline -0.004 -16"><span class='ocrx_word' id='word_1_6' title='bbox 145 195 210 226; x_wconf 84' lang='lat' dir='ltr'>tur</span> <span class='ocrx_word' id='word_1_7' title='bbox 224 189 274 227; x_wconf 80' lang='lat' dir='ltr'>ad</span> <span class='ocrx_word' id='word_1_8' title='bbox 288 190 607 242; x_wconf 77' lang='lat' dir='ltr'><strong>perpendiculum</strong></span> <span class='ocrx_word' id='word_1_9' title='bbox 624 201 782 241; x_wconf 84' lang='lat' dir='ltr'>corpora</span> <span class='ocrx_word' id='word_1_10' title='bbox 795 187 1011 235; x_wconf 81' lang='lat' dir='ltr'>individua,</span> <span class='ocrx_word' id='word_1_11' title='bbox 1028 186 1137 225; x_wconf 88' lang='lat' dir='ltr'>rectis</span> <span class='ocrx_word' id='word_1_12' title='bbox 1150 185 1276 230; x_wconf 85' lang='lat' dir='ltr'>lineis,</span> 
     </span>
     <span class='ocr_line' id='line_1_3' title="bbox 146 240 1277 296; baseline -0.004 -16"><span class='ocrx_word' id='word_1_13' title='bbox 146 250 191 281; x_wconf 91' lang='lat' dir='ltr'>ut</span> <span class='ocrx_word' id='word_1_14' title='bbox 218 243 389 294; x_wconf 90' lang='lat' dir='ltr'>Epicuro</span> <span class='ocrx_word' id='word_1_15' title='bbox 419 245 578 296; x_wconf 79' lang='lat' dir='ltr'>placet?</span> <span class='ocrx_word' id='word_1_16' title='bbox 617 244 790 296; x_wconf 87' lang='lat' dir='ltr'>sequitur</span> <span class='ocrx_word' id='word_1_17' title='bbox 822 243 942 290; x_wconf 87' lang='lat' dir='ltr'>enim,</span> <span class='ocrx_word' id='word_1_18' title='bbox 974 249 1033 289; x_wconf 83' lang='lat' dir='ltr'>ut,</span> <span class='ocrx_word' id='word_1_19' title='bbox 1063 242 1095 279; x_wconf 89' lang='lat' dir='ltr'>si</span> <span class='ocrx_word' id='word_1_20' title='bbox 1124 240 1200 278; x_wconf 91' lang='lat' dir='ltr'>alia</span> <span class='ocrx_word' id='word_1_21' title='bbox 1226 240 1277 276; x_wconf 86' lang='lat' dir='ltr'>ab</span> 
     </span>
     <span class='ocr_line' id='line_1_4' title="bbox 145 293 1279 350; baseline -0.004 -15"><span class='ocrx_word' id='word_1_22' title='bbox 145 297 223 336; x_wconf 62' lang='lat' dir='ltr'>alia</span> <span class='ocrx_word' id='word_1_23' title='bbox 241 310 445 350; x_wconf 86' lang='lat' dir='ltr'>nunquam</span> <span class='ocrx_word' id='word_1_24' title='bbox 464 300 692 350; x_wconf 83' lang='lat' dir='ltr'>depellatur,</span> <span class='ocrx_word' id='word_1_25' title='bbox 718 311 768 336; x_wconf 91' lang='lat' dir='ltr'>ne</span> <span class='ocrx_word' id='word_1_26' title='bbox 793 297 990 348; x_wconf 84' lang='lat' dir='ltr'>contingat</span> <span class='ocrx_word' id='word_1_27' title='bbox 1015 295 1174 348; x_wconf 88' lang='lat' dir='ltr'>quidem</span> <span class='ocrx_word' id='word_1_28' title='bbox 1201 293 1279 332; x_wconf 83' lang='lat' dir='ltr'>alia</span> 
     </span>
     <span class='ocr_line' id='line_1_5' title="bbox 117 350 1276 406; baseline -0.004 -15"><span class='ocrx_word' id='word_1_29' title='bbox 117 392 129 401; x_wconf 62' lang='lat'>,</span> <span class='ocrx_word' id='word_1_30' title='bbox 144 352 290 400; x_wconf 61' lang='lat' dir='ltr'>aliamg</span> <span class='ocrx_word' id='word_1_31' title='bbox 331 367 378 392; x_wconf 83' lang='lat' dir='ltr'>ex</span> <span class='ocrx_word' id='word_1_32' title='bbox 407 367 485 406; x_wconf 92' lang='lat' dir='ltr'>quo</span> <span class='ocrx_word' id='word_1_33' title='bbox 518 353 693 402; x_wconf 82' lang='lat' dir='ltr'>efficitur,</span> <span class='ocrx_word' id='word_1_34' title='bbox 723 360 768 390; x_wconf 87' lang='lat' dir='ltr'>ut</span> <span class='ocrx_word' id='word_1_35' title='bbox 801 353 885 402; x_wconf 80' lang='lat' dir='ltr'>jam</span> <span class='ocrx_word' id='word_1_36' title='bbox 921 351 993 403; x_wconf 90' lang='lat' dir='ltr'>[si]</span> <span class='ocrx_word' id='word_1_37' title='bbox 1028 350 1077 389; x_wconf 90' lang='lat' dir='ltr'>sit</span> <span class='ocrx_word' id='word_1_38' title='bbox 1109 357 1276 394; x_wconf 84' lang='lat' dir='ltr'>atomus,</span> 
     </span>
    </p>
   </div>
   <div class='ocr_carea' id='block_1_3' title="bbox 75 403 1277 458">
    <p class='ocr_par' dir='ltr' id='par_1_3' title="bbox 75 403 1277 458">
     <span class='ocr_line' id='line_1_6' title="bbox 75 403 1277 458; baseline -0.003 -14"><span class='ocrx_word' id='word_1_39' title='bbox 75 418 92 427; x_wconf 52' lang='lat' dir='ltr'><em>f</em></span> <span class='ocrx_word' id='word_1_40' title='bbox 147 403 466 458; x_wconf 59' lang='lat' dir='ltr'>eaqueiieelinet,</span> <span class='ocrx_word' id='word_1_41' title='bbox 487 408 678 447; x_wconf 84' lang='lat' dir='ltr'>declinare</span> <span class='ocrx_word' id='word_1_42' title='bbox 697 407 778 446; x_wconf 86' lang='lat' dir='ltr'>sine</span> <span class='ocrx_word' id='word_1_43' title='bbox 798 406 924 446; x_wconf 58' lang='lat' dir='ltr'>causa.</span> <span class='ocrx_word' id='word_1_44' title='bbox 955 407 1071 444; x_wconf 86' lang='lat' dir='ltr'>Hanc</span> <span class='ocrx_word' id='word_1_45' title='bbox 1089 403 1277 442; x_wconf 84' lang='lat' dir='ltr'>rationem</span> 
     </span>
    </p>
   </div>
   <div class='ocr_carea' id='block_1_4' title="bbox 144 460 1285 2266">
    <p class='ocr_par' dir='ltr' id='par_1_4' title="bbox 144 460 1285 2266">
     <span class='ocr_line' id='line_1_7' title="bbox 146 460 1277 514; baseline -0.003 -16"><span class='ocrx_word' id='word_1_46' title='bbox 146 460 341 512; x_wconf 78' lang='lat' dir='ltr'><strong>Epicurus</strong></span> <span class='ocrx_word' id='word_1_47' title='bbox 366 463 522 501; x_wconf 79' lang='lat' dir='ltr'>induxit</span> <span class='ocrx_word' id='word_1_48' title='bbox 544 464 593 501; x_wconf 91' lang='lat' dir='ltr'>ob</span> <span class='ocrx_word' id='word_1_49' title='bbox 613 475 698 501; x_wconf 82' lang='lat' dir='ltr'>eam</span> <span class='ocrx_word' id='word_1_50' title='bbox 718 475 814 509; x_wconf 90' lang='lat' dir='ltr'>rem,</span> <span class='ocrx_word' id='word_1_51' title='bbox 837 461 941 514; x_wconf 88' lang='lat' dir='ltr'>quod</span> <span class='ocrx_word' id='word_1_52' title='bbox 961 460 1103 499; x_wconf 87' lang='lat' dir='ltr'>veritus</span> <span class='ocrx_word' id='word_1_53' title='bbox 1123 465 1193 505; x_wconf 87' lang='lat' dir='ltr'>est,</span> <span class='ocrx_word' id='word_1_54' title='bbox 1214 470 1277 501; x_wconf 89' lang='lat' dir='ltr'>ne,</span> 
     </span>
     <span class='ocr_line' id='line_1_8' title="bbox 146 515 1279 569; baseline -0.004 -16"><span class='ocrx_word' id='word_1_55' title='bbox 146 515 178 554; x_wconf 91' lang='lat' dir='ltr'>si</span> <span class='ocrx_word' id='word_1_56' title='bbox 199 529 349 568; x_wconf 85' lang='lat' dir='ltr'>semper</span> <span class='ocrx_word' id='word_1_57' title='bbox 368 526 520 556; x_wconf 86' lang='lat' dir='ltr'>atomus</span> <span class='ocrx_word' id='word_1_58' title='bbox 534 518 720 569; x_wconf 78' lang='lat' dir='ltr'>gravitate</span> <span class='ocrx_word' id='word_1_59' title='bbox 737 518 897 556; x_wconf 81' lang='lat' dir='ltr'>ferretur</span> <span class='ocrx_word' id='word_1_60' title='bbox 911 515 1079 553; x_wconf 87' lang='lat' dir='ltr'>naturali</span> <span class='ocrx_word' id='word_1_61' title='bbox 1093 526 1136 551; x_wconf 86' lang='lat' dir='ltr'>ac</span> <span class='ocrx_word' id='word_1_62' title='bbox 1151 525 1279 550; x_wconf 84' lang='lat' dir='ltr'>neces·</span> 
     </span>
     <span class='ocr_line' id='line_1_9' title="bbox 147 570 1281 619; baseline -0.004 -12"><span class='ocrx_word' id='word_1_63' title='bbox 147 571 260 619; x_wconf 66' lang='lat' dir='ltr'>sari-22,</span> <span class='ocrx_word' id='word_1_64' title='bbox 289 571 387 610; x_wconf 87' lang='lat' dir='ltr'><strong>nihil</strong></span> <span class='ocrx_word' id='word_1_65' title='bbox 411 572 578 611; x_wconf 88' lang='lat' dir='ltr'>liberum</span> <span class='ocrx_word' id='word_1_66' title='bbox 606 572 715 610; x_wconf 82' lang='lat' dir='ltr'>nobis</span> <span class='ocrx_word' id='word_1_67' title='bbox 743 579 853 618; x_wconf 86' lang='lat' dir='ltr'>esset,</span> <span class='ocrx_word' id='word_1_68' title='bbox 876 584 964 609; x_wconf 88' lang='lat' dir='ltr'>cum</span> <span class='ocrx_word' id='word_1_69' title='bbox 991 570 1045 608; x_wconf 85' lang='lat' dir='ltr'>ita</span> <span class='ocrx_word' id='word_1_70' title='bbox 1063 574 1281 607; x_wconf 87' lang='lat' dir='ltr'>moveretur</span> 
     </span>
     <span class='ocr_line' id='line_1_10' title="bbox 146 622 1282 677; baseline -0.004 -15"><span class='ocrx_word' id='word_1_71' title='bbox 146 624 315 673; x_wconf 80' lang='lat' dir='ltr'>animus,</span> <span class='ocrx_word' id='word_1_72' title='bbox 338 635 382 664; x_wconf 90' lang='lat' dir='ltr'>ut</span> <span class='ocrx_word' id='word_1_73' title='bbox 401 634 619 665; x_wconf 83' lang='lat' dir='ltr'>atomorum</span> <span class='ocrx_word' id='word_1_74' title='bbox 639 634 749 665; x_wconf 88' lang='lat' dir='ltr'>motu</span> <span class='ocrx_word' id='word_1_75' title='bbox 769 633 977 677; x_wconf 85' lang='lat' dir='ltr'>cogeretur.</span> <span class='ocrx_word' id='word_1_76' title='bbox 1009 624 1114 662; x_wconf 89' lang='lat' dir='ltr'>Hinc</span> <span class='ocrx_word' id='word_1_77' title='bbox 1134 622 1282 659; x_wconf 87' lang='lat' dir='ltr'>Demo-</span> 
     </span>
     <span class='ocr_line' id='line_1_11' title="bbox 144 676 1281 733; baseline -0.004 -17"><span class='ocrx_word' id='word_1_78' title='bbox 144 679 276 727; x_wconf 83' lang='lat' dir='ltr'>critus,</span> <span class='ocrx_word' id='word_1_79' title='bbox 297 689 430 720; x_wconf 80' lang='lat' dir='ltr'>auctor</span> <span class='ocrx_word' id='word_1_80' title='bbox 447 689 681 723; x_wconf 80' lang='lat' dir='ltr'>atomorum,</span> <span class='ocrx_word' id='word_1_81' title='bbox 703 682 871 733; x_wconf 86' lang='lat' dir='ltr'>accipere</span> <span class='ocrx_word' id='word_1_82' title='bbox 889 679 1042 723; x_wconf 86' lang='lat' dir='ltr'>maluit,</span> <span class='ocrx_word' id='word_1_83' title='bbox 1060 676 1281 716; x_wconf 85' lang='lat' dir='ltr'>necessitate</span> 
     </span>
     <span class='ocr_line' id='line_1_12' title="bbox 145 730 1279 788; baseline -0.004 -17"><span class='ocrx_word' id='word_1_84' title='bbox 145 735 278 773; x_wconf 89' lang='lat' dir='ltr'>omnia</span> <span class='ocrx_word' id='word_1_85' title='bbox 296 736 392 783; x_wconf 85' lang='lat' dir='ltr'>fieri,</span> <span class='ocrx_word' id='word_1_86' title='bbox 414 749 533 788; x_wconf 88' lang='lat' dir='ltr'>quam</span> <span class='ocrx_word' id='word_1_87' title='bbox 557 750 581 774; x_wconf 91' lang='lat' dir='ltr'>a</span> <span class='ocrx_word' id='word_1_88' title='bbox 606 736 829 788; x_wconf 83' lang='lat' dir='ltr'>corporibus</span> <span class='ocrx_word' id='word_1_89' title='bbox 853 734 1063 773; x_wconf 84' lang='lat' dir='ltr'>individuis</span> <span class='ocrx_word' id='word_1_90' title='bbox 1085 730 1279 770; x_wconf 82' lang='lat' dir='ltr'>naturales</span> 
     </span>
     <span class='ocr_line' id='line_1_13' title="bbox 147 788 907 829; baseline 0.005 -3"><span class='ocrx_word' id='word_1_91' title='bbox 147 796 276 828; x_wconf 86' lang='lat' dir='ltr'>motus</span> <span class='ocrx_word' id='word_1_92' title='bbox 295 791 469 829; x_wconf 87' lang='lat' dir='ltr'>avellere.</span> <span class='ocrx_word' id='word_1_93' title='bbox 874 788 907 810; x_wconf 44' lang='grc' dir='ltr'>’Ψ</span> 
     </span>
     <span class='ocr_line' id='line_1_14' title="bbox 148 839 1280 897; baseline -0.004 -16"><span class='ocrx_word' id='word_1_94' title='bbox 148 863 151 865; x_wconf 19' lang='grc' dir='ltr'><strong>Α</strong></span> <span class='ocrx_word' id='word_1_95' title='bbox 201 844 280 882; x_wconf 85' lang='grc' dir='ltr'>ΧΙ.</span> <span class='ocrx_word' id='word_1_96' title='bbox 310 845 480 884; x_wconf 86' lang='lat' dir='ltr'>Acutius</span> <span class='ocrx_word' id='word_1_97' title='bbox 500 846 731 893; x_wconf 84' lang='lat' dir='ltr'>Carneades,</span> <span class='ocrx_word' id='word_1_98' title='bbox 753 845 821 897; x_wconf 91' lang='lat' dir='ltr'>qui</span> <span class='ocrx_word' id='word_1_99' title='bbox 847 844 1020 889; x_wconf 84' lang='lat' dir='ltr'>docebat,</span> <span class='ocrx_word' id='word_1_100' title='bbox 1046 854 1156 894; x_wconf 88' lang='lat' dir='ltr'>posse</span> <span class='ocrx_word' id='word_1_101' title='bbox 1181 839 1280 892; x_wconf 85' lang='lat' dir='ltr'>Epi-</span> 
     </span>
     <span class='ocr_line' id='line_1_15' title="bbox 148 893 1280 946; baseline -0.004 -10"><span class='ocrx_word' id='word_1_102' title='bbox 148 912 280 938; x_wconf 89' lang='lat' dir='ltr'>cureos</span> <span class='ocrx_word' id='word_1_103' title='bbox 300 913 411 938; x_wconf 86' lang='lat' dir='ltr'>suam</span> <span class='ocrx_word' id='word_1_104' title='bbox 432 914 601 946; x_wconf 85' lang='lat' dir='ltr'>causam,</span> <span class='ocrx_word' id='word_1_105' title='bbox 624 901 705 939; x_wconf 89' lang='lat' dir='ltr'>sine</span> <span class='ocrx_word' id='word_1_106' title='bbox 730 901 801 938; x_wconf 90' lang='lat' dir='ltr'>hac</span> <span class='ocrx_word' id='word_1_107' title='bbox 824 897 1093 938; x_wconf 63' lang='lat' dir='ltr'>commenticia</span> <span class='ocrx_word' id='word_1_108' title='bbox 1112 893 1280 934; x_wconf 86' lang='lat' dir='ltr'>declina-</span> 
     </span>
     <span class='ocr_line' id='line_1_16' title="bbox 147 953 1281 1001; baseline -0.004 -10"><span class='ocrx_word' id='word_1_109' title='bbox 147 953 264 1000; x_wconf 90' lang='lat' dir='ltr'>tione,</span> <span class='ocrx_word' id='word_1_110' title='bbox 299 954 514 993; x_wconf 86' lang='lat' dir='ltr'>defendere.</span> <span class='ocrx_word' id='word_1_111' title='bbox 566 956 687 1000; x_wconf 84' lang='lat' dir='ltr'>Nam,</span> <span class='ocrx_word' id='word_1_112' title='bbox 724 968 814 993; x_wconf 91' lang='lat' dir='ltr'>cum</span> <span class='ocrx_word' id='word_1_113' title='bbox 852 954 1016 999; x_wconf 90' lang='lat' dir='ltr'>doceret,</span> <span class='ocrx_word' id='word_1_114' title='bbox 1056 964 1135 990; x_wconf 85' lang='lat' dir='ltr'>esse</span> <span class='ocrx_word' id='word_1_115' title='bbox 1170 962 1281 1001; x_wconf 88' lang='lat' dir='ltr'>posse</span> 
     </span>
     <span class='ocr_line' id='line_1_17' title="bbox 147 1003 1281 1059; baseline -0.004 -14"><span class='ocrx_word' id='word_1_116' title='bbox 147 1009 360 1059; x_wconf 83' lang='lat' dir='ltr'>quemdam</span> <span class='ocrx_word' id='word_1_117' title='bbox 393 1009 515 1048; x_wconf 78' lang='lat' dir='ltr'>animi</span> <span class='ocrx_word' id='word_1_118' title='bbox 542 1019 695 1048; x_wconf 89' lang='lat' dir='ltr'>motum</span> <span class='ocrx_word' id='word_1_119' title='bbox 727 1008 1004 1053; x_wconf 84' lang='lat' dir='ltr'>voluntarium,</span> <span class='ocrx_word' id='word_1_120' title='bbox 1037 1006 1077 1044; x_wconf 91' lang='lat' dir='ltr'>id</span> <span class='ocrx_word' id='word_1_121' title='bbox 1106 1005 1183 1043; x_wconf 84' lang='lat' dir='ltr'>fuit</span> <span class='ocrx_word' id='word_1_122' title='bbox 1215 1003 1281 1042; x_wconf 91' lang='lat' dir='ltr'>de-</span> 
     </span>
     <span class='ocr_line' id='line_1_18' title="bbox 147 1059 1280 1116; baseline -0.003 -17"><span class='ocrx_word' id='word_1_123' title='bbox 147 1063 253 1100; x_wconf 72' lang='lat' dir='ltr'>fendi</span> <span class='ocrx_word' id='word_1_124' title='bbox 273 1064 426 1109; x_wconf 79' lang='lat' dir='ltr'>melius,</span> <span class='ocrx_word' id='word_1_125' title='bbox 443 1077 563 1116; x_wconf 89' lang='lat' dir='ltr'>quam</span> <span class='ocrx_word' id='word_1_126' title='bbox 583 1064 822 1102; x_wconf 85' lang='lat' dir='ltr'>introducere</span> <span class='ocrx_word' id='word_1_127' title='bbox 841 1062 1152 1107; x_wconf 74' lang='lat' dir='ltr'>declinationem,</span> <span class='ocrx_word' id='word_1_128' title='bbox 1168 1059 1280 1108; x_wconf 89' lang='lat' dir='ltr'>cujus</span> 
     </span>
     <span class='ocr_line' id='line_1_19' title="bbox 147 1113 1280 1171; baseline -0.003 -17"><span class='ocrx_word' id='word_1_129' title='bbox 147 1119 359 1168; x_wconf 69' lang='lat' dir='ltr'>przescrtim</span> <span class='ocrx_word' id='word_1_130' title='bbox 392 1132 547 1157; x_wconf 81' lang='lat' dir='ltr'>causam</span> <span class='ocrx_word' id='word_1_131' title='bbox 579 1119 743 1171; x_wconf 88' lang='lat' dir='ltr'>reperire</span> <span class='ocrx_word' id='word_1_132' title='bbox 773 1131 849 1156; x_wconf 88' lang='lat' dir='ltr'>non</span> <span class='ocrx_word' id='word_1_133' title='bbox 879 1125 1058 1169; x_wconf 85' lang='lat' dir='ltr'>possent:</span> <span class='ocrx_word' id='word_1_134' title='bbox 1102 1128 1181 1167; x_wconf 91' lang='lat' dir='ltr'>quo</span> <span class='ocrx_word' id='word_1_135' title='bbox 1214 1113 1280 1151; x_wconf 92' lang='lat' dir='ltr'>de-</span> 
     </span>
     <span class='ocr_line' id='line_1_20' title="bbox 147 1168 1280 1225; baseline -0.004 -16"><span class='ocrx_word' id='word_1_136' title='bbox 147 1171 268 1219; x_wconf 80' lang='lat' dir='ltr'>fenso,</span> <span class='ocrx_word' id='word_1_137' title='bbox 290 1173 401 1212; x_wconf 75' lang='lat' dir='ltr'>facile</span> <span class='ocrx_word' id='word_1_138' title='bbox 422 1174 641 1225; x_wconf 67' lang='lat' dir='ltr'>Chrysippo</span> <span class='ocrx_word' id='word_1_139' title='bbox 660 1182 814 1225; x_wconf 78' lang='lat' dir='ltr'>possent</span> <span class='ocrx_word' id='word_1_140' title='bbox 833 1173 1016 1211; x_wconf 88' lang='lat' dir='ltr'>resistere.</span> <span class='ocrx_word' id='word_1_141' title='bbox 1052 1171 1156 1209; x_wconf 47' lang='lat' dir='ltr'>(lum</span> <span class='ocrx_word' id='word_1_142' title='bbox 1176 1168 1280 1206; x_wconf 87' lang='lat' dir='ltr'>enim</span> 
     </span>
     <span class='ocr_line' id='line_1_21' title="bbox 144 1225 1279 1275; baseline -0.004 -11"><span class='ocrx_word' id='word_1_143' title='bbox 144 1229 429 1275; x_wconf 82' lang='lat' dir='ltr'>concessissent,</span> <span class='ocrx_word' id='word_1_144' title='bbox 459 1236 610 1267; x_wconf 85' lang='lat' dir='ltr'>motum</span> <span class='ocrx_word' id='word_1_145' title='bbox 640 1229 795 1267; x_wconf 87' lang='lat' dir='ltr'>nullum</span> <span class='ocrx_word' id='word_1_146' title='bbox 824 1241 904 1266; x_wconf 92' lang='lat' dir='ltr'>esse</span> <span class='ocrx_word' id='word_1_147' title='bbox 932 1228 1014 1265; x_wconf 86' lang='lat' dir='ltr'>sine</span> <span class='ocrx_word' id='word_1_148' title='bbox 1042 1225 1172 1272; x_wconf 63' lang='lat' dir='ltr'>causa,</span> <span class='ocrx_word' id='word_1_149' title='bbox 1203 1235 1279 1261; x_wconf 91' lang='lat' dir='ltr'>non</span> 
     </span>
     <span class='ocr_line' id='line_1_22' title="bbox 145 1280 1280 1335; baseline -0.003 -16"><span class='ocrx_word' id='word_1_150' title='bbox 145 1283 410 1328; x_wconf 79' lang='lat' dir='ltr'>concederent,</span> <span class='ocrx_word' id='word_1_151' title='bbox 436 1284 581 1329; x_wconf 79' lang='lat' dir='ltr'>onmia,</span> <span class='ocrx_word' id='word_1_152' title='bbox 604 1297 692 1335; x_wconf 83' lang='lat' dir='ltr'>quae</span> <span class='ocrx_word' id='word_1_153' title='bbox 718 1284 866 1328; x_wconf 87' lang='lat' dir='ltr'>fierent,</span> <span class='ocrx_word' id='word_1_154' title='bbox 888 1282 969 1320; x_wconf 89' lang='lat' dir='ltr'>fieri</span> <span class='ocrx_word' id='word_1_155' title='bbox 989 1280 1111 1320; x_wconf 86' lang='lat' dir='ltr'>causis</span> <span class='ocrx_word' id='word_1_156' title='bbox 1131 1286 1280 1317; x_wconf 88' lang='lat' dir='ltr'>antece-</span> 
     </span>
     <span class='ocr_line' id='line_1_23' title="bbox 146 1335 1282 1377; baseline -0.003 -4"><span class='ocrx_word' id='word_1_157' title='bbox 146 1335 353 1375; x_wconf 85' lang='lat' dir='ltr'>dentibus:</span> <span class='ocrx_word' id='word_1_158' title='bbox 392 1339 599 1377; x_wconf 83' lang='lat' dir='ltr'>voluntatis</span> <span class='ocrx_word' id='word_1_159' title='bbox 628 1339 732 1377; x_wconf 89' lang='lat' dir='ltr'>enim</span> <span class='ocrx_word' id='word_1_160' title='bbox 764 1345 904 1376; x_wconf 84' lang='lat' dir='ltr'>nostrae</span> <span class='ocrx_word' id='word_1_161' title='bbox 934 1349 1012 1374; x_wconf 87' lang='lat' dir='ltr'>non</span> <span class='ocrx_word' id='word_1_162' title='bbox 1042 1348 1121 1373; x_wconf 87' lang='lat' dir='ltr'>esse</span> <span class='ocrx_word' id='word_1_163' title='bbox 1149 1346 1282 1372; x_wconf 83' lang='lat' dir='ltr'>causas</span> 
     </span>
     <span class='ocr_line' id='line_1_24' title="bbox 147 1391 1282 1442; baseline -0.003 -14"><span class='ocrx_word' id='word_1_164' title='bbox 147 1399 324 1430; x_wconf 79' lang='lat' dir='ltr'>externas</span> <span class='ocrx_word' id='word_1_165' title='bbox 344 1401 381 1431; x_wconf 89' lang='lat' dir='ltr'>et</span> <span class='ocrx_word' id='word_1_166' title='bbox 400 1393 676 1431; x_wconf 83' lang='lat' dir='ltr'>antecedentes.</span> <span class='ocrx_word' id='word_1_167' title='bbox 708 1392 921 1432; x_wconf 83' lang='lat' dir='ltr'>Communi</span> <span class='ocrx_word' id='word_1_168' title='bbox 940 1391 1059 1442; x_wconf 81' lang='lat' dir='ltr'>igitur</span> <span class='ocrx_word' id='word_1_169' title='bbox 1078 1396 1282 1428; x_wconf 80' lang='lat' dir='ltr'>consuetu-</span> 
     </span>
     <span class='ocr_line' id='line_1_25' title="bbox 146 1442 1282 1494; baseline -0.002 -12"><span class='ocrx_word' id='word_1_170' title='bbox 146 1445 236 1484; x_wconf 82' lang='lat' dir='ltr'>dine</span> <span class='ocrx_word' id='word_1_171' title='bbox 255 1448 440 1485; x_wconf 84' lang='lat' dir='ltr'>sermonis</span> <span class='ocrx_word' id='word_1_172' title='bbox 459 1448 672 1494; x_wconf 86' lang='lat' dir='ltr'>abutimur,</span> <span class='ocrx_word' id='word_1_173' title='bbox 701 1461 791 1486; x_wconf 90' lang='lat' dir='ltr'>cum</span> <span class='ocrx_word' id='word_1_174' title='bbox 815 1447 869 1485; x_wconf 85' lang='lat' dir='ltr'>ita</span> <span class='ocrx_word' id='word_1_175' title='bbox 895 1446 1073 1493; x_wconf 85' lang='lat' dir='ltr'>dicimus,</span> <span class='ocrx_word' id='word_1_176' title='bbox 1094 1444 1192 1482; x_wconf 85' lang='lat' dir='ltr'>velle</span> <span class='ocrx_word' id='word_1_177' title='bbox 1212 1442 1282 1480; x_wconf 88' lang='lat' dir='ltr'>ali·</span> 
     </span>
     <span class='ocr_line' id='line_1_26' title="bbox 145 1497 1282 1554; baseline -0.004 -16"><span class='ocrx_word' id='word_1_178' title='bbox 145 1501 241 1551; x_wconf 90' lang='lat' dir='ltr'>quid</span> <span class='ocrx_word' id='word_1_179' title='bbox 259 1502 485 1554; x_wconf 86' lang='lat' dir='ltr'>quempiam</span> <span class='ocrx_word' id='word_1_180' title='bbox 505 1510 572 1541; x_wconf 88' lang='lat' dir='ltr'>aut</span> <span class='ocrx_word' id='word_1_181' title='bbox 591 1503 695 1541; x_wconf 86' lang='lat' dir='ltr'>nolle</span> <span class='ocrx_word' id='word_1_182' title='bbox 714 1503 795 1540; x_wconf 87' lang='lat' dir='ltr'>sine</span> <span class='ocrx_word' id='word_1_183' title='bbox 814 1502 941 1540; x_wconf 67' lang='lat' dir='ltr'>causa.</span> <span class='ocrx_word' id='word_1_184' title='bbox 983 1501 1047 1538; x_wconf 82' lang='lat' dir='ltr'>Ita</span> <span class='ocrx_word' id='word_1_185' title='bbox 1065 1499 1170 1538; x_wconf 88' lang='lat' dir='ltr'>enim</span> <span class='ocrx_word' id='word_1_186' title='bbox 1188 1497 1282 1535; x_wconf 86' lang='lat' dir='ltr'>dici-</span> 
     </span>
     <span class='ocr_line' id='line_1_27' title="bbox 146 1553 1281 1606; baseline -0.003 -14"><span class='ocrx_word' id='word_1_187' title='bbox 146 1567 248 1601; x_wconf 87' lang='lat' dir='ltr'>mus,</span> <span class='ocrx_word' id='word_1_188' title='bbox 285 1560 314 1578; x_wconf 72' lang='lat'>‘⁶</span> <span class='ocrx_word' id='word_1_189' title='bbox 335 1557 416 1595; x_wconf 86' lang='lat' dir='ltr'>sine</span> <span class='ocrx_word' id='word_1_190' title='bbox 445 1557 605 1605; x_wconf 72' lang='lat' dir='ltr'>causa,&#39;’</span> <span class='ocrx_word' id='word_1_191' title='bbox 637 1565 681 1595; x_wconf 89' lang='lat' dir='ltr'>ut</span> <span class='ocrx_word' id='word_1_192' title='bbox 713 1557 902 1606; x_wconf 84' lang='lat' dir='ltr'>dicamus,</span> <span class='ocrx_word' id='word_1_193' title='bbox 935 1556 1016 1595; x_wconf 86' lang='lat' dir='ltr'>sine</span> <span class='ocrx_word' id='word_1_194' title='bbox 1051 1553 1210 1592; x_wconf 60' lang='lat' dir='ltr'>externa</span> <span class='ocrx_word' id='word_1_195' title='bbox 1243 1558 1281 1590; x_wconf 87' lang='lat' dir='ltr'>et</span> 
     </span>
     <span class='ocr_line' id='line_1_28' title="bbox 146 1610 1282 1664; baseline -0.004 -17"><span class='ocrx_word' id='word_1_196' title='bbox 146 1610 385 1649; x_wconf 83' lang='lat' dir='ltr'>antecedenti</span> <span class='ocrx_word' id='word_1_197' title='bbox 415 1612 545 1659; x_wconf 62' lang='lat' dir='ltr'>causa,</span> <span class='ocrx_word' id='word_1_198' title='bbox 577 1625 655 1650; x_wconf 91' lang='lat' dir='ltr'>non</span> <span class='ocrx_word' id='word_1_199' title='bbox 686 1612 768 1651; x_wconf 88' lang='lat' dir='ltr'>sine</span> <span class='ocrx_word' id='word_1_200' title='bbox 802 1611 946 1664; x_wconf 58' lang='lat' dir='ltr'>aliqua.</span> <span class='ocrx_word' id='word_1_201' title='bbox 991 1610 1062 1655; x_wconf 91' lang='lat' dir='ltr'>Ut,</span> <span class='ocrx_word' id='word_1_202' title='bbox 1094 1621 1183 1646; x_wconf 90' lang='lat' dir='ltr'>cum</span> <span class='ocrx_word' id='word_1_203' title='bbox 1215 1618 1282 1644; x_wconf 90' lang='lat' dir='ltr'>vas</span> 
     </span>
     <span class='ocr_line' id='line_1_29' title="bbox 146 1661 1282 1719; baseline -0.004 -17"><span class='ocrx_word' id='word_1_204' title='bbox 146 1664 261 1703; x_wconf 90' lang='lat' dir='ltr'>inane</span> <span class='ocrx_word' id='word_1_205' title='bbox 279 1665 458 1713; x_wconf 87' lang='lat' dir='ltr'>dicimus,</span> <span class='ocrx_word' id='word_1_206' title='bbox 479 1679 556 1705; x_wconf 85' lang='lat' dir='ltr'>non</span> <span class='ocrx_word' id='word_1_207' title='bbox 577 1667 631 1705; x_wconf 89' lang='lat' dir='ltr'>ita</span> <span class='ocrx_word' id='word_1_208' title='bbox 649 1667 862 1719; x_wconf 90' lang='lat' dir='ltr'>loquimur,</span> <span class='ocrx_word' id='word_1_209' title='bbox 883 1673 927 1703; x_wconf 90' lang='lat' dir='ltr'>ut</span> <span class='ocrx_word' id='word_1_210' title='bbox 952 1663 1116 1717; x_wconf 80' lang='lat' dir='ltr'>physici,</span> <span class='ocrx_word' id='word_1_211' title='bbox 1138 1661 1282 1714; x_wconf 90' lang='lat' dir='ltr'>quibus</span> 
     </span>
     <span class='ocr_line' id='line_1_30' title="bbox 146 1716 1279 1773; baseline -0.004 -16"><span class='ocrx_word' id='word_1_212' title='bbox 146 1719 263 1758; x_wconf 87' lang='lat' dir='ltr'>inane</span> <span class='ocrx_word' id='word_1_213' title='bbox 295 1733 374 1759; x_wconf 68' lang='lat' dir='ltr'>oese</span> <span class='ocrx_word' id='word_1_214' title='bbox 404 1721 502 1759; x_wconf 87' lang='lat' dir='ltr'>nihil</span> <span class='ocrx_word' id='word_1_215' title='bbox 531 1722 683 1773; x_wconf 88' lang='lat' dir='ltr'>placet:</span> <span class='ocrx_word' id='word_1_216' title='bbox 726 1722 791 1760; x_wconf 86' lang='lat' dir='ltr'>sed</span> <span class='ocrx_word' id='word_1_217' title='bbox 822 1721 890 1768; x_wconf 85' lang='lat' dir='ltr'>ita,</span> <span class='ocrx_word' id='word_1_218' title='bbox 923 1728 981 1768; x_wconf 86' lang='lat' dir='ltr'>ut,</span> <span class='ocrx_word' id='word_1_219' title='bbox 1014 1717 1121 1757; x_wconf 87' lang='lat' dir='ltr'>verbi</span> <span class='ocrx_word' id='word_1_220' title='bbox 1149 1716 1279 1762; x_wconf 57' lang='lat' dir='ltr'>causa,</span> 
     </span>
     <span class='ocr_line' id='line_1_31' title="bbox 147 1772 1278 1827; baseline -0.004 -16"><span class='ocrx_word' id='word_1_221' title='bbox 147 1774 230 1812; x_wconf 90' lang='lat' dir='ltr'>sine</span> <span class='ocrx_word' id='word_1_222' title='bbox 255 1775 372 1827; x_wconf 59' lang='lat' dir='ltr'>aqua,</span> <span class='ocrx_word' id='word_1_223' title='bbox 399 1775 479 1814; x_wconf 85' lang='lat' dir='ltr'>sine</span> <span class='ocrx_word' id='word_1_224' title='bbox 506 1776 610 1824; x_wconf 88' lang='lat' dir='ltr'>vino,</span> <span class='ocrx_word' id='word_1_225' title='bbox 641 1777 722 1815; x_wconf 90' lang='lat' dir='ltr'>sine</span> <span class='ocrx_word' id='word_1_226' title='bbox 750 1777 847 1823; x_wconf 87' lang='lat' dir='ltr'>oleo,</span> <span class='ocrx_word' id='word_1_227' title='bbox 876 1788 942 1813; x_wconf 82' lang='lat' dir='ltr'>vas</span> <span class='ocrx_word' id='word_1_228' title='bbox 970 1787 1050 1812; x_wconf 89' lang='lat' dir='ltr'>esse</span> <span class='ocrx_word' id='word_1_229' title='bbox 1078 1772 1278 1810; x_wconf 85' lang='lat' dir='ltr'>dicamus:</span> 
     </span>
     <span class='ocr_line' id='line_1_32' title="bbox 146 1825 1282 1877; baseline -0.004 -10"><span class='ocrx_word' id='word_1_230' title='bbox 146 1828 214 1877; x_wconf 83' lang='lat' dir='ltr'>sic,</span> <span class='ocrx_word' id='word_1_231' title='bbox 244 1842 335 1868; x_wconf 91' lang='lat' dir='ltr'>cum</span> <span class='ocrx_word' id='word_1_232' title='bbox 364 1830 445 1868; x_wconf 89' lang='lat' dir='ltr'>sine</span> <span class='ocrx_word' id='word_1_233' title='bbox 473 1831 588 1869; x_wconf 68' lang='lat' dir='ltr'>causa</span> <span class='ocrx_word' id='word_1_234' title='bbox 614 1831 791 1869; x_wconf 83' lang='lat' dir='ltr'>animum</span> <span class='ocrx_word' id='word_1_235' title='bbox 816 1829 962 1868; x_wconf 89' lang='lat' dir='ltr'>moveri</span> <span class='ocrx_word' id='word_1_236' title='bbox 989 1827 1169 1875; x_wconf 87' lang='lat' dir='ltr'>dicimus,</span> <span class='ocrx_word' id='word_1_237' title='bbox 1199 1825 1282 1864; x_wconf 89' lang='lat' dir='ltr'>sine</span> 
     </span>
     <span class='ocr_line' id='line_1_33' title="bbox 147 1880 1281 1931; baseline -0.004 -10"><span class='ocrx_word' id='word_1_238' title='bbox 147 1885 396 1924; x_wconf 81' lang='lat' dir='ltr'>antecedente</span> <span class='ocrx_word' id='word_1_239' title='bbox 427 1892 464 1923; x_wconf 88' lang='lat' dir='ltr'>et</span> <span class='ocrx_word' id='word_1_240' title='bbox 494 1886 653 1924; x_wconf 55' lang='lat' dir='ltr'>externa</span> <span class='ocrx_word' id='word_1_241' title='bbox 684 1886 800 1924; x_wconf 62' lang='lat' dir='ltr'>causa</span> <span class='ocrx_word' id='word_1_242' title='bbox 829 1884 990 1931; x_wconf 85' lang='lat' dir='ltr'>moveri,</span> <span class='ocrx_word' id='word_1_243' title='bbox 1017 1895 1096 1921; x_wconf 92' lang='lat' dir='ltr'>non</span> <span class='ocrx_word' id='word_1_244' title='bbox 1121 1880 1281 1920; x_wconf 85' lang='lat' dir='ltr'>omnino</span> 
     </span>
     <span class='ocr_line' id='line_1_34' title="bbox 147 1938 1280 1992; baseline -0.004 -14"><span class='ocrx_word' id='word_1_245' title='bbox 147 1938 229 1977; x_wconf 89' lang='lat' dir='ltr'>sine</span> <span class='ocrx_word' id='word_1_246' title='bbox 248 1940 378 1988; x_wconf 71' lang='lat' dir='ltr'>causa,</span> <span class='ocrx_word' id='word_1_247' title='bbox 398 1940 575 1978; x_wconf 85' lang='lat' dir='ltr'>dicimus.</span> <span class='ocrx_word' id='word_1_248' title='bbox 605 1939 669 1978; x_wconf 89' lang='lat' dir='ltr'>De</span> <span class='ocrx_word' id='word_1_249' title='bbox 687 1940 773 1992; x_wconf 63' lang='lat' dir='ltr'>ipsa</span> <span class='ocrx_word' id='word_1_250' title='bbox 791 1947 921 1978; x_wconf 81' lang='lat' dir='ltr'>atomo</span> <span class='ocrx_word' id='word_1_251' title='bbox 940 1938 1015 1977; x_wconf 91' lang='lat' dir='ltr'>dici</span> <span class='ocrx_word' id='word_1_252' title='bbox 1034 1944 1172 1990; x_wconf 82' lang='lat' dir='ltr'>potest,</span> <span class='ocrx_word' id='word_1_253' title='bbox 1189 1947 1280 1974; x_wconf 91' lang='lat' dir='ltr'>cum</span> 
     </span>
     <span class='ocr_line' id='line_1_35' title="bbox 147 1989 1282 2046; baseline -0.004 -15"><span class='ocrx_word' id='word_1_254' title='bbox 147 2006 216 2045; x_wconf 89' lang='lat' dir='ltr'>per</span> <span class='ocrx_word' id='word_1_255' title='bbox 234 1993 349 2033; x_wconf 85' lang='lat' dir='ltr'>inane</span> <span class='ocrx_word' id='word_1_256' title='bbox 375 2002 575 2034; x_wconf 83' lang='lat' dir='ltr'>moveatur</span> <span class='ocrx_word' id='word_1_257' title='bbox 600 1995 787 2046; x_wconf 80' lang='lat' dir='ltr'>gravitate</span> <span class='ocrx_word' id='word_1_258' title='bbox 806 2001 843 2033; x_wconf 89' lang='lat' dir='ltr'>et</span> <span class='ocrx_word' id='word_1_259' title='bbox 862 1993 1043 2046; x_wconf 85' lang='lat' dir='ltr'>pondere,</span> <span class='ocrx_word' id='word_1_260' title='bbox 1064 1992 1146 2030; x_wconf 89' lang='lat' dir='ltr'>sine</span> <span class='ocrx_word' id='word_1_261' title='bbox 1165 1989 1282 2029; x_wconf 62' lang='lat' dir='ltr'>causa</span> 
     </span>
     <span class='ocr_line' id='line_1_36' title="bbox 145 2048 1121 2102; baseline -0.001 -16"><span class='ocrx_word' id='word_1_262' title='bbox 145 2049 307 2095; x_wconf 82' lang='lat' dir='ltr'>moveri,</span> <span class='ocrx_word' id='word_1_263' title='bbox 328 2049 422 2102; x_wconf 88' lang='lat' dir='ltr'>quia</span> <span class='ocrx_word' id='word_1_264' title='bbox 441 2050 550 2088; x_wconf 89' lang='lat' dir='ltr'>nulla</span> <span class='ocrx_word' id='word_1_265' title='bbox 568 2063 684 2088; x_wconf 86' lang='lat' dir='ltr'>causa</span> <span class='ocrx_word' id='word_1_266' title='bbox 701 2049 855 2088; x_wconf 80' lang='lat' dir='ltr'>accedat</span> <span class='ocrx_word' id='word_1_267' title='bbox 874 2048 1121 2087; x_wconf 76' lang='lat' dir='ltr'>extrinsecus.</span> 
     </span>
     <span class='ocr_line' id='line_1_37' title="bbox 200 2101 1279 2157; baseline -0.006 -15"><span class='ocrx_word' id='word_1_268' title='bbox 200 2103 354 2143; x_wconf 88' lang='lat' dir='ltr'>Rursus</span> <span class='ocrx_word' id='word_1_269' title='bbox 373 2112 519 2151; x_wconf 88' lang='lat' dir='ltr'>autem,</span> <span class='ocrx_word' id='word_1_270' title='bbox 540 2116 589 2143; x_wconf 90' lang='lat' dir='ltr'>ne</span> <span class='ocrx_word' id='word_1_271' title='bbox 609 2103 785 2157; x_wconf 54' lang='lat' dir='ltr'>[omnes]</span> <span class='ocrx_word' id='word_1_272' title='bbox 807 2118 831 2142; x_wconf 92' lang='lat' dir='ltr'>a</span> <span class='ocrx_word' id='word_1_273' title='bbox 848 2103 1016 2156; x_wconf 86' lang='lat' dir='ltr'>physicis</span> <span class='ocrx_word' id='word_1_274' title='bbox 1034 2101 1279 2144; x_wconf 85' lang='lat' dir='ltr'>irrideamur,</span> 
     </span>
     <span class='ocr_line' id='line_1_38' title="bbox 144 2156 1283 2212; baseline -0.004 -17"><span class='ocrx_word' id='word_1_275' title='bbox 144 2156 179 2195; x_wconf 87' lang='lat' dir='ltr'>si</span> <span class='ocrx_word' id='word_1_276' title='bbox 205 2157 394 2206; x_wconf 82' lang='lat' dir='ltr'>dicamus,</span> <span class='ocrx_word' id='word_1_277' title='bbox 420 2160 636 2212; x_wconf 89' lang='lat' dir='ltr'>quidquam</span> <span class='ocrx_word' id='word_1_278' title='bbox 666 2159 749 2198; x_wconf 81' lang='lat' dir='ltr'>fieri</span> <span class='ocrx_word' id='word_1_279' title='bbox 774 2160 856 2198; x_wconf 89' lang='lat' dir='ltr'>sine</span> <span class='ocrx_word' id='word_1_280' title='bbox 879 2158 1011 2204; x_wconf 60' lang='lat' dir='ltr'>causa,</span> <span class='ocrx_word' id='word_1_281' title='bbox 1041 2156 1283 2206; x_wconf 86' lang='lat' dir='ltr'>distinguen-</span> 
     </span>
     <span class='ocr_line' id='line_1_39' title="bbox 145 2211 1285 2266; baseline -0.004 -15"><span class='ocrx_word' id='word_1_282' title='bbox 145 2212 244 2252; x_wconf 89' lang='lat' dir='ltr'>dum</span> <span class='ocrx_word' id='word_1_283' title='bbox 263 2220 334 2263; x_wconf 79' lang='lat' dir='ltr'>est,</span> <span class='ocrx_word' id='word_1_284' title='bbox 355 2222 393 2253; x_wconf 88' lang='lat' dir='ltr'>et</span> <span class='ocrx_word' id='word_1_285' title='bbox 410 2215 465 2253; x_wconf 81' lang='lat' dir='ltr'>ita</span> <span class='ocrx_word' id='word_1_286' title='bbox 482 2214 717 2263; x_wconf 74' lang='lat' dir='ltr'>dicendum,</span> <span class='ocrx_word' id='word_1_287' title='bbox 728 2214 848 2266; x_wconf 87' lang='lat' dir='ltr'>ipsius</span> <span class='ocrx_word' id='word_1_288' title='bbox 873 2212 1064 2252; x_wconf 89' lang='lat' dir='ltr'>individui</span> <span class='ocrx_word' id='word_1_289' title='bbox 1084 2211 1185 2250; x_wconf 82' lang='lat' dir='ltr'>hanc</span> <span class='ocrx_word' id='word_1_290' title='bbox 1204 2219 1285 2248; x_wconf 86' lang='lat' dir='ltr'>esse</span> 
     </span>
    </p>
   </div>
  </div>
 </body>
</html>
