1470 2402
225 60 304 102 DE
324 61 744 112 DIVINATIONE,
766 61 866 101 Lm.
883 61 918 102 1.
941 60 1046 101 CAP.
1061 62 1124 101 43.
1181 63 1234 108 37

117 177 263 220 autem,
302 178 339 211 et
369 171 524 220 Pisidae,
559 179 595 210 et
633 171 783 219 Cilices,
822 179 859 209 et
894 170 1075 209 Arabum
1114 170 1233 215 natio,

115 225 248 263 avium
292 225 631 277 significationibus
677 225 892 276 plurimum
942 227 1232 276 obtemperant:

113 278 220 330 quod
245 279 349 318 idem
376 280 590 318 factitatum
618 279 659 317 in
688 279 853 318 Umbria
881 279 1107 330 accepimus.

168 332 311 372 XLII.
339 334 403 372 Ac
427 334 525 371 mihi
552 333 708 385 quidem
729 333 904 371 videntur
933 346 953 371 e
971 333 1062 371 locis
1081 344 1236 384 quoque

113 385 219 438 ipsis,
250 387 320 450 qui
348 401 371 426 a
400 388 617 439 quibusque
644 387 920 433 incolebantur,
953 387 1234 425 divinationum

113 442 414 492 opportunitates
429 455 507 480 esse
521 442 657 479 ductae.
686 441 845 479 Etenim
860 441 1039 492 AEgyptii
1051 449 1087 479 et
1102 442 1234 492 Baby-

113 494 252 543 lonii,
241 508 282 533 111
301 509 526 547 camporum
545 495 759 547 patentium
775 495 990 546 aequoribus
1004 495 1232 541 habitantes,

114 561 205 587 cum
234 563 283 588 ex
312 548 411 588 terra
442 550 540 588 1111111
571 549 752 588 emineret
788 549 893 600 quod
924 561 1011 587 con
996 549 1236 600 emplationi

114 603 198 641 coeh'
215 604 363 642 officere
379 611 518 656 posset,
539 616 694 642 omnem
714 616 844 641 curam
859 603 898 640 in
919 603 1087 641 siderum
1106 603 1238 664 cogni-

113 657 218 696 tione
235 665 455 709 posuerunt.
485 658 641 696 Etrusci
659 664 803 704 autem,
824 657 942 709 quod,
963 656 1173 708 religione
1162 670 1238 694 1111-

114 711 214 760 buti,
235 712 440 750 studiosius
463 721 500 750 et
526 712 692 750 crebrius
710 711 852 749 hostias
878 711 1147 759 immolabant,
1169 724 1236 750 ex-

114 771 244 804 torum
268 767 476 817 cognitioni
500 779 539 804 se
562 766 733 804 maxime
758 765 1007 804 dediderunt:
1039 765 1234 817 quodque,

114 827 269 871 propter
292 821 388 858 ae’ris
407 820 708 867 crassitudinem,
729 819 777 857 de
796 820 888 857 coelo
908 819 1011 871 apud
1031 832 1092 857 eos
1110 820 1236 857 multa

114 873 272 923 fiebant,
293 882 330 912 et
349 874 453 926 quod
471 876 520 912 ob
540 874 714 912 eamdem
734 886 887 911 causam
907 874 1032 911 mtha
1055 873 1237 911 inusitata

116 928 258 979 partim
291 941 312 966 e
344 929 451 975 coelo,
483 928 558 966 alia
585 941 633 965 ex
665 927 766 966 terra
795 927 1026 975 oriebantur,
1057 927 1237 979 quaedam

116 982 235 1020 etiam
261 995 309 1020 ex
336 982 541 1020 hominum
571 982 811 1032 pecudumve
843 990 1026 1033 conceptu
1058 990 1095 1019 et
1123 990 1235 1028 satu3

114 1043 352 1074 ostentorum
395 1035 696 1074 exercitatissimi
739 1035 960 1087 interpretes
998 1036 1236 1075 exstiterunt.

117 1090 299 1138 Quorum
317 1090 475 1142 quidem
500 1089 580 1128 vim
607 1092 668 1133 (ut
687 1098 730 1127 tu
749 1090 846 1127 soles
865 1089 1003 1137 dicere)
1023 1091 1138 1128 verba
1155 1090 1239 1141 ipsa

115 1144 323 1196 prudenter
348 1158 371 1183 a
395 1144 605 1194 majoribus
630 1144 753 1195 posita
776 1143 992 1182 declarant:
1024 1143 1115 1195 quia
1135 1144 1239 1182 enim

115 1199 338 1246 ostendunt,
367 1198 614 1250 portendunt,
646 1205 873 1246 monstrant,
905 1198 1145 1249 praedicunt3
1178 1211 1240 1237 os-

115 1260 235 1301 tenta,
255 1261 445 1305 portenta,
465 1260 650 1299 monstra,
670 1252 845 1304 prodigia
863 1252 1055 1290 dicuntur.

170 1308 323 1346 Arabes
348 1315 493 1354 autem,
520 1314 558 1345 et
584 1307 757 1358 Phryges
776 1314 813 1344 et
833 1306 984 1354 Cilices,
1006 1306 1110 1358 quod
1128 1314 1240 1358 pastu

116 1361 312 1414 pecudum
329 1362 501 1400 maxime
518 1368 697 1408 utuntur,
718 1373 872 1411 campos
892 1369 929 1399 et
947 1368 1096 1399 montes
1114 1361 1242 1401 hieme

117 1423 156 1454 et
170 1424 298 1454 aestate
312 1422 569 1468 peragrantes,
585 1423 784 1467 propterea
799 1415 947 1453 facilius
962 1424 1094 1453 cantus
1110 1416 1241 1454 avium

117 1477 156 1508 et
180 1471 329 1509 volatus
354 1477 609 1509 notaverunt:
646 1469 855 1520 eademque
883 1477 920 1508 et
946 1469 1099 1507 Pisidiae
1127 1483 1241 1509 causa

115 1523 206 1573 fuit,
228 1531 265 1562 et
282 1525 373 1563 huic
391 1531 529 1562 nostrae
547 1523 733 1562 Umbriae.
768 1523 876 1561 Tum
897 1523 1011 1562 Caria
1030 1531 1122 1570 tota,
1142 1537 1241 1576 prae-

117 1578 305 1630 cipueque
342 1579 571 1627 Telmesses,
606 1591 702 1630 quos
740 1585 828 1616 ante
860 1578 956 1626 dixi,
991 1578 1096 1629 quod
1130 1591 1241 1629 agros

117 1633 330 1671 uberrimos
361 1632 609 1684 maximeque
638 1632 779 1670 fertiles
811 1632 998 1680 incolunt,
1027 1632 1068 1669 in
1101 1632 1242 1683 quibus

117 1687 244 1725 multa
267 1694 422 1738 propter
446 1686 719 1725 fecunditatem
745 1686 840 1737 fingi
865 1686 1048 1737 gignique
1066 1694 1240 1737 possunt,

117 1741 159 1779 in
178 1741 334 1779 ostentis
352 1740 695 1779 animadvertendis
714 1740 913 1791 diligentes
931 1740 1100 1778 fuerunt.

173 1795 340 1833 XLIII.
371 1794 472 1842 Quis
494 1807 582 1832 vero
607 1807 686 1833 non
711 1794 828 1842 videt,
849 1794 890 1831 in
912 1794 1061 1845 optima
1085 1793 1242 1846 quaque

119 1849 318 1901 republica
348 1848 564 1900 plurimum
596 1847 766 1900 auspicia
797 1856 835 1886 et
864 1848 1012 1899 reliqua
1043 1848 1243 1887 divinandi

120 1916 261 1955 genera
279 1903 473 1941 valuisse?
504 1902 604 1950 Quis
623 1915 691 1940 rex
709 1915 884 1953 unquam
903 1902 992 1947 fuit,
1013 1902 1100 1954 quis
1117 1916 1244 1954 popu-

119 1958 196 2003 lus,
231 1957 300 2009 qui
331 1969 410 1995 non
441 1964 612 1995 uteretur
643 1956 887 2008 praedictione
919 1956 1079 1995 divina?
1118 1969 1245 2009 neque

121 2011 276 2051 50111111
266 2024 307 2049 111
325 2024 432 2063 pace,
453 2011 546 2050 sed
535 2024 577 2049 111
595 2011 697 2049 bello
715 2011 839 2048 multo
859 2010 974 2049 etiam
999 2010 1137 2062 magis,
1165 2025 1244 2063 quo

121 2067 250 2115 majus
280 2073 360 2104 erat
389 2072 580 2104 certamen
608 2071 646 2103 et
670 2065 873 2103 discrimen
899 2065 1044 2103 salutis.
1092 2064 1245 2104 Omitto

120 2128 283 2167 nostros,
299 2119 368 2172 qui
380 2119 506 2158 nihil
496 2132 538 2157 m
554 2119 657 2159 bello
677 2119 757 2158 sine
775 2118 873 2157 extis
891 2128 1026 2170 agunt,
1047 2119 1145 2156 nihil
1163 2119 1246 2158 sine

122 2173 301 2225 auspiciis
319 2174 425 2212 domi
441 2175 597 2212 habent.
637 2173 824 2227 Auspicia
849 2181 1007 2213 externa
1030 2173 1241 2213 videamus.

179 2228 369 2274 (Plcilos.)
389 2239 496 2269 voi..
519 2239 583 2268 xv.
889 2237 918 2267 1
