1470 2402
180 51 231 91 14
262 49 357 110 *DE
385 48 809 99 DIVINATIONE,
829 48 932 89 Iam.
951 48 988 90 Ι.
1008 47 1116 91 Car.
1139 50 1204 98 17.

177 160 345 213 invenit]
369 173 460 200 cum
478 159 573 199 situs
595 166 693 199 esset
713 160 754 198 in
776 159 883 199 curia
907 159 1116 209 Saliorum,
1135 172 1225 213 quae
1249 167 1307 200 551

177 215 219 254 111
240 215 406 264 Ρ513110,
423 228 544 267 eaque
562 214 859 266 deflagravisset,
874 214 1055 254 inventus
1073 221 1130 254 551
1146 215 1308 267 integer.

177 269 322 318 Quid?
352 270 487 308 multis
505 269 616 308 annis
634 277 721 321 post
735 269 969 319 Romulum,
991 269 1122 308 Prisco
1140 282 1306 321 regnan-

178 331 217 363 te
237 324 467 377 Tarquinio,
484 323 570 377 quis
588 332 761 362 veterum
781 323 1010 376 scriptorum
1028 336 1107 362 non
1119 324 1310 376 loquitur,

179 392 269 431 quae
294 379 344 417 sit
370 381 419 418 ab
445 379 560 418 Attio
586 378 716 418 Navio
741 391 808 431 per
826 378 971 417 lituum
988 378 1191 430 regionum
1209 378 1312 419 facta

178 433 413 485 descriptio?
443 433 511 485 qui
530 446 634 482 cum,
648 441 804 499 propter
817 441 1099 485 paupertatem,
1115 446 1202 472 sues
1214 446 1312 485 puer

179 496 364 540 pasceret,
385 500 465 526 una
491 501 539 526 ex
557 488 618 527 his
638 488 792 537 amissa,
814 488 960 526 vovisse
977 487 1131 536 dieitur,
1152 487 1184 526 si
1201 500 1312 526 recu-

179 542 362 609 perasset,
383 555 501 580 uvam
527 556 566 580 se
593 542 679 580 Deo
699 542 896 590 daturum,
916 555 1005 593 quae
1023 542 1199 580 maxima
1217 550 1314 581 esset

179 596 221 635 in
237 596 360 635 vinea.
391 597 546 649 Itaque,
563 609 629 635 sue
648 596 819 643 inventa,
836 596 886 634 ad
898 595 1108 634 Meridiem
1123 604 1312 658 spectans,

182 650 225 689 in
245 651 357 690 ν11155
375 650 503 690 media
522 650 661 688 dicitur
684 650 920 689 constitisse.
951 663 1120 702 cumque
1146 650 1188 688 in
1216 664 1314 703 qua-

181 712 269 744 tuor
287 712 413 758 partes
433 706 584 744 vineam
604 704 805 752 divisisset,
824 712 976 756 tresque
994 712 1121 756 partes
1140 718 1228 744 aves
1245 707 1317 745 ab·

180 759 381 808 dixissent,
403 760 542 812 quarta
561 767 682 811 parte,
704 772 791 811 quae
809 767 890 797 erat
917 759 1102 811 reliqua'
1090 772 1132 798 in
1158 760 1315 822 regione

181 814 405 876 distributa,
422 814 591 853 mirabili
618 813 887 865 magnitudine
906 827 1039 863 uvam,
1060 821 1105 852 ut
1128 814 1317 866 scriptum

182 869 374 918 videmus,
395 869 554 908 invenit.
585 867 679 917 Qua
697 882 737 907 re
763 868 967 916 celebrata,
987 881 1079 908 cum
1097 868 1214 908 vicini
1231 881 1319 909 om-

181 937 250 963 nes
269 924 318 962 ad
337 937 463 963 unum
482 924 529 962 de
548 925 661 962 rebus
689 923 767 962 suis
787 922 983 972 referrent,
1005 931 1083 962 erat
1103 923 1146 962 in
1174 936 1319 976 magno

184 979 342 1017 nomine
361 987 399 1017 et
420 978 554 1030 310113.
585 978 651 1017 Ex
678 991 756 1030 quo
774 977 922 1017 factum
941 985 1011 1025 est,
1035 986 1081 1017 ut
1100 990 1191 1017 eum
1210 978 1260 1017 ad
1278 992 1320 1018 se

184 1047 254 1072 rex
275 1033 429 1072 Priscus
448 1040 660 1072 arcesseret.
691 1032 816 1083 Cujus
830 1046 920 1072 cum
940 1040 1103 1071 tentaret
1121 1033 1320 1072 scientiam

186 1091 414 1140 auguratus,
435 1087 535 1126 dixit
554 1088 602 1135 ei,
623 1087 791 1139 cogitare
810 1100 848 1126 se
868 1087 1081 1139 quiddam,
1070 1101 1080 1111 ·
1112 1086 1153 1125 id
1174 1096 1321 1139 posset-

186 1155 236 1181 ne
255 1142 352 1189 fieri,
373 1142 577 1181 consuluit.
608 1142 697 1189 Ille,
718 1142 880 1193 augurio
899 1149 997 1190 acto,
1018 1155 1142 1194 pome,
1164 1155 1322 1194 respon-

186 1196 256 1236 dit.
287 1197 527 1249 Tarquinius
543 1204 674 1235 autem
693 1196 807 1243 dixit,
827 1209 867 1235 se
885 1196 1085 1259 cogitasse,
1105 1203 1229 1235 cotem
1248 1209 1318 1236 no-

186 1251 324 1290 vacula
339 1265 448 1303 posse
467 1251 633 1313 praecidi.
663 1251 773 1289 Tum
791 1251 982 1289 Attium
968 1251 1124 1300 jussisse
1142 1251 1321 1303 experiri.

189 1306 253 1345 Ita
267 1313 406 1354 cotem,
438 1307 478 1345 in
498 1306 700 1345 comitium
720 1306 892 1352 allatam,
919 1306 1158 1357 inspectante
1176 1313 1214 1344 et
1233 1319 1323 1358 rege

187 1368 226 1399 et
244 1361 404 1413 populo,
425 1361 614 1399 novacula
633 1374 711 1399 esse
730 1360 938 1399 discissam.
968 1359 1035 1398 Ex
1054 1373 1098 1399 eo
1117 1360 1258 1409 evenit,
1278 1367 1325 1400 ut

187 1423 227 1454 et
247 1415 488 1468 Tarquinius
507 1428 653 1467 augure
679 1415 792 1454 Attio
820 1415 948 1454 Navio
972 1423 1158 1463 uteretur,
1188 1422 1226 1454 et
1252 1428 1325 1468 po-

188 1470 307 1521 pulus
327 1470 375 1509 de
395 1470 473 1509 suis
492 1472 606 1509 rebus
625 1469 674 1508 ad
694 1483 785 1509 eum
810 1469 977 1509 referret.
1021 1469 1160 1509 Cotem
1190 1477 1328 1518 autem

189 1524 300 1563 1115111
329 1532 367 1564 51
395 1525 624 1564 novaculam
649 1525 839 1564 defossam
870 1525 912 1563 in
942 1524 1111 1573 comitio,
1131 1537 1327 1578 supraque

190 1578 419 1631 impositum
432 1580 578 1632 puteal,
588 1580 816 1632 accepimus.
835 1579 1035 1632 Negemus
1046 1579 1199 1618 01111115.
1219 1592 1327 1619 com·

190 1635 383 1674 buramus
408 1635 594 1681 annalem
624 1635 714 1673 ficta
732 1635 814 1674 haec
833 1647 911 1673 5555
943 1634 1142 1673 dicamus:
1173 1633 1329 1686 quidvis

191 1687 360 1741 denique
392 1689 534 1742 potius,
565 1702 687 1742 quam
720 1689 825 1730 Deos
862 1702 922 1729 res
953 1689 1145 1728 humanas
1176 1701 1327 1737 curare,

194 1742 400 1782 fateamur.

249 1797 390 1847 Quid?
419 1798 524 1851 quod
543 1798 649 1852 apud
668 1806 706 1838 te
725 1798 910 1852 scriptum
924 1805 981 1838 est
994 1797 1043 1837 de
1053 1797 1119 1836 Ti.
1134 1797 1326 1846 Graccho,

194 1863 323 1890 nonne
343 1860 379 1891 et
398 1867 593 1905 augurum
607 1863 644 1892 et
662 1854 910 1906 haruspicum
923 1855 1147 1915 comprobat
1158 1852 1330 1914 discipli-

195 1906 317 1944 nam?
347 1907 430 1959 qui,
452 1921 542 1946 cum
561 1908 853 1947 tabernaculum
873 1908 966 1947 vitio
991 1907 1151 1960 cepisset
1176 1907 1326 1959 impru-

194 1959 305 2023 dens,
325 1960 456 2013 quod
446 1962 683 2014 inauspicato
701 1963 933 2015 pomoerium
946 1970 1203 2014 transgressus
1217 1969 1329 2010 esset,

194 2015 352 2055 comitia
370 2016 594 2058 consulibus
611 2017 790 2079 rogandis
807 2018 957 2058 habuit.
988 2017 1028 2055 N
1031 2026 1096 2055 015
1113 2029 1172 2055 res
1190 2023 1262 2065 est,
1291 2024 1332 2056 et

196 2081 220 2107 a
239 2077 277 2108 te
295 2069 379 2122 ipso
398 2071 583 2110 mandata
600 2072 860 2112 monimentis.
889 2071 966 2112 Sed
978 2079 1015 2111 et
1029 2071 1247 2123 ipseaugur
1262 2070 1329 2109 Ti.

197 2122 396 2164 Gracchus
409 2125 668 2178 auspiciorum
683 2127 950 2166 auctoritatem
964 2124 1199 2166 confessione
1215 2125 1332 2164 emti

197 2178 258 2218 sui
282 2180 573 2232 compi-obvim
601 2188 640 2220 et
666 2181 915 2235 haruspicum
946 2179 1160 2234 discipline
1186 2191 1333 2232 11153115
