1470 2402
129 95 211 133 246
309 93 388 133 DE
417 92 682 144 OFFICIIS,
703 95 804 134 Lni.
825 94 860 134 Ι.
879 94 988 135 CAP-
1004 92 1085 134 38:

121 204 210 252 bus,
230 203 457 243 detrahendi
470 204 596 253 musa,
617 212 685 243 aut
702 217 771 256 per
788 204 1010 254 ridiculum,
1022 211 1092 243 aut
1108 203 1264 256 severe}

120 258 321 306 maledice,
343 259 707 310 contumelioseque,
729 259 880 298 dicitur.

139 345 142 348 .
176 313 386 351 Habentur
411 320 541 351 autem
567 313 797 365 plerumque
821 326 1013 353 sermones
1030 319 1100 352 aut
1116 313 1166 353 de
1181 313 1252 353 do-

121 367 288 406 mesticis
317 367 495 418 negotiis,
527 375 595 406 aut
624 367 672 405 de
701 368 911 419 republica,
936 376 1005 407 aut
1030 367 1079 406 de
1107 368 1252 407 artium

122 421 258 460 studiis
286 429 403 474 atque
425 421 608 460 doctrina.
646 421 789 460 Danda
812 422 932 474 igitur
956 435 1072 474 opera
1097 430 1167 471 851,
1191 430 1252 471 ut,

122 476 239 515 etiam
258 476 290 515 si
309 478 483 515 aberrare
507 475 557 514 ad
583 476 659 514 alia
684 476 850 528 coeperit,
877 476 927 515 ad
950 477 1034 515 haec
1056 484 1254 516 revocetur

122 531 254 570 oratio.
287 531 377 579 Sed,
397 538 609 582 utcumque
627 530 804 580 aderunt,
835 534 977 583 (neque
994 531 1099 570 enim
1118 543 1252 570 01111185

123 585 259 624 iisdem
287 585 337 623 de
366 587 494 633 rebus,
518 597 588 623 nec
613 585 720 624 omni
748 592 934 637 tempore,
965 597 1036 624 nec
1060 585 1250 633 similiter,

123 639 375 687 delectamur)
404 639 787 678 animadvertendum
817 647 873 678 est
901 639 1032 686 etiam,
1061 647 1252 691 quatenus

124 707 249 733 sermo
278 694 565 732 delectationem
591 694 755 732 habeat:
786 701 838 744 et,
857 701 902 732 ut
923 693 1131 746 incipiendi
1154 694 1252 733 ratio

124 747 254 795 fuerit,
275 748 329 786 ita
349 749 395 787 sit
411 748 606 786 desinendi
626 748 775 786 modus.
1242 775 1261 784 2.

180 803 435 841 XXXVIII.
479 802 570 851 Sed,
591 802 812 855 quomodo*
801 815 845 841 m
869 802 976 842 omni
993 802 1074 842 vita
1090 803 1252 842 rectissi-

125 870 190 896 me
221 857 454 909 praecipitur,
474 865 519 895 ut
547 857 851 909 perturbationes
878 857 1089 909 fugiamus,
1112 857 1154 896 id
1179 865 1262 906 est,

126 919 255 951 motus
274 912 394 950 animi
411 912 565 959 nimios,
585 912 723 950 rationi
741 924 819 950 non
840 913 1171 964 obtemperantes3
1200 912 1255 952 518

126 966 316 1016 ejusmodi
348 966 516 1005 motibus
549 979 672 1005 sermo
700 966 814 1006 debet
845 979 992 1028 vacare,
1017 979 1067 1005 ne
1097 975 1167 1006 aut
1194 967 1253 1006 ira

127 1021 311 1067 exsistam
342 1029 410 1059 aut
422 1020 610 1072 cupiditas
631 1021 776 1073 aliqua,
796 1028 865 1059 aut
876 1021 1045 1073 pigritia,
1061 1021 1251 1074 autigna-

128 1076 204 1122 via,
237 1083 304 1114 aut
331 1076 405 1114 tale
431 1075 591 1127 aliquid,
612 1083 803 1127 appareat.
845 1075 1251 1128 Maximequecuran-

128 1130 225 1168 dum
248 1139 317 1177 est,
338 1138 383 1168 ut
401 1143 477 1178 eos,
508 1130 739 1181 quibuscum
765 1142 981 1169 sermonem
1005 1130 1250 1192 conferimus,

128 1192 167 1223 et
185 1184 303 1223 vereri
321 1192 359 1222 et
376 1184 532 1235 diligere
554 1184 763 1223 videamur.
808 1183 1109 1236 Objurgafionoe
1133 1184 1250 1223 etiam

127 1251 409 1290 nonnunquam
422 1238 596 1277 incidunt
609 1237 839 1287 118885531131,
853 1238 895 1276 111
910 1238 1050 1290 quibus
1061 1239 1252 1278 utendum

127 1301 184 1332 est
201 1293 359 1332 fortasse
384 1301 421 1331 et
439 1292 539 1332 vocis
558 1293 797 1332 contentione
815 1293 974 1354 majore,
991 1300 1028 1331 et
1046 1294 1250 1332 verborum

127 1348 314 1400 8111111318
331 1348 483 1386 acriore.
514 1347 565 1386 ld
577 1347 771 1399 agendum
786 1347 917 1395 etiam,
936 1354 982 1385 ut
998 1359 1048 1386 ne
1066 1360 1111 1386 83
1127 1347 1252 1386 facere

128 1402 327 1440 videamur
349 1401 460 1440 irati:
492 1402 571 1450 sed,
591 1411 636 1440 ut
663 1401 713 1440 ad
739 1401 931 1440 urendum
959 1409 998 1440 et
1025 1402 1248 1451 seoendum,

128 1456 181 1495 sic
195 1463 233 1495 et
256 1456 306 1494 ad
323 1455 396 1495 hoc
413 1469 534 1508 genus
556 1455 779 1518 castigandi,
804 1469 890 1494 raro
917 1455 1104 1517 invitique
1123 1456 1251 1495 venie-

126 1524 231 1560 mus,
257 1523 329 1550 nec
349 1523 539 1562 unquam,
558 1510 632 1549 nisi
653 1510 875 1558 necessario,
902 1510 935 1548 si
956 1510 1066 1548 nulla
1089 1511 1259 1563 reperie-

128 1574 192 1604 tur
210 1565 286 1604 alia
309 1565 510 1604 medicina.
546 1565 622 1604 Sed
647 1574 776 1603 tamen
793 1565 851 1603 ira
867 1564 1002 1617 procul
1026 1564 1139 1614 absit,
1158 1577 1263 1605 cum·

127 1634 206 1673 qua
223 1619 320 1658 nihil
338 1628 437 1658 recte
450 1619 546 1667 fieri,
567 1619 665 1658 nihil
683 1619 929 1668 considerate,
948 1627 1083 1680 potest.

180 1674 335 1726 Μ38113
365 1682 497 1713 autem
525 1682 646 1726 parte,
677 1673 855 1713 clementi
885 1673 1130 1725 castigatione
1160 1673 1251 1714 licet

126 1729 200 1779 uti,
220 1728 406 1780 gravitate
430 1737 560 1767 tamen
584 1728 781 1778 adjuncta,
800 1735 845 1766 ut
869 1735 907 1766 et
936 1727 1112 1767 severitas
1138 1728 1249 1767 adhi-
1259 1761 1264 1765 .

125 1785 275 1833 beatur,
300 1791 338 1821 et
363 1783 595 1822 contumelia
611 1783 829 1835 repellatur.
863 1782 999 1834 Atque
1017 1782 1133 1821 etiam
1150 1783 1250 1822 illud

124 1838 269 1890 ipsum,
289 1837 394 1899 quod
412 1837 625 1876 acerbitatis
638 1837 755 1876 habet
772 1835 1002 1888 objurgatio,
1029 1836 1249 1888 significan-

124 1892 221 1931 dum
251 1899 321 1940 eet,
350 1891 470 1944 ipsius
499 1904 627 1939 causa,
659 1891 728 1943 qui
756 1892 995 1942 objurgetur,
1029 1898 1250 1952 susceptum

125 1959 216 1985 8558.
264 1946 432 1985 Rectum
451 1954 507 1984 est
524 1954 677 2008 autem,
690 1945 806 1984 etiam
833 1945 874 1983 in
902 1945 978 1983 illis
1000 1945 1251 1984 contentioni.

123 2002 198 2039 bus
216 2014 303 2052 quae
320 2013 410 2038 cum
429 2000 699 2039 inimicissimis
717 1999 830 2047 fiunt,
854 1999 971 2038 etiam
995 1999 1027 2038 si
1055 1999 1164 2038 nobis
1188 1999 1249 2037 in-

124 2055 242 2105 digna
260 2054 476 2101 audiamus,
496 2062 625 2093 tamen
644 2054 871 2106 gravitatem
895 2054 1070 2101 retinere,
1097 2053 1249 2092 iracun-

124 2109 230 2146 diam
249 2109 440 2160 repellere.
469 2110 572 2157 Quae
590 2109 694 2147 enim
712 2121 802 2148 cum
819 2108 952 2160 aliqua
964 2107 1249 2168 perturbatione

125 2163 238 2212 fiunt,
258 2175 327 2203 nec
345 2172 559 2203 constanter
577 2163 659 2203 fieri
677 2170 852 2216 munt,
867 2175 936 2204 nec
955 2161 1029 2203 ab
1019 2161 1080 2211 115,
1100 2161 1169 2214 qui
1180 2161 1249 2202 ad-
