1470 2402
160 109 242 149 266
334 109 414 150 DE
443 109 708 161 OFFICIIS,
737 110 839 151 LIB.
860 111 921 152 ΙΙ.
950 111 1058 151 CAP.
1077 112 1118 151 8.·

161 219 252 259 teris
270 220 505 267 nationibus,
526 220 575 259 ad
594 218 818 272 exemplum
837 220 968 259 amissi
981 219 1134 272 imperii
1147 222 1293 274 portari

163 274 205 312 in
229 274 427 326 triumpho
450 275 669 314 Massiliam
695 275 877 323 vidimus,
904 281 943 314 et
967 288 1016 314 ex
1041 275 1087 313 ea
1111 277 1206 315 urbe
1224 277 1295 315 tri-

164 328 361 381 umphari,
386 329 466 368 sine
492 329 571 381 qua
596 342 798 382 nunquam
823 329 942 368 nostri
968 329 1215 381 imperatores
1242 344 1293 370 ex

164 383 431 436 Transalpinis
460 383 570 422 bellis
601 384 902 436 triumpharunt.
945 383 1082 422 Multa
1111 392 1295 436 praeterea

163 450 504 477 commemorarem
534 438 681 476 nefaria
711 439 753 477 in
785 438 918 487 socios,
958 438 989 477 si
1020 438 1094 477 hoc
1124 452 1204 479 uno
1236 440 1293 479 sol

163 492 380 544 quidquam
400 492 555 531 vidisset
572 492 781 544 indignius.
820 493 850 531 J
853 506 920 531 ure
937 492 1057 544 igitur
1074 493 1294 545 plectimur.

166 547 255 585 Nisi
288 547 392 586 enim
424 547 639 585 multorum
668 547 862 599 impunita
890 548 1030 586 scelera
1059 548 1294 597 tulissemus,

165 614 369 653 nunquam
389 601 438 640 ad
457 615 581 639 unum
600 610 708 641 tanta
723 602 955 654 pervenisset
970 601 1150 648 licentim
1175 616 1199 641 a
1217 616 1299 655 quo

164 656 323 708 quidem
338 657 394 694 rei
408 656 606 694 familiaris
620 656 669 694 ad
682 669 839 708 paucos,
854 656 1110 708 cupiditatum
1126 656 1176 696 ad
1189 657 1297 697 mul-

166 718 224 749 tos
243 711 453 762 improbos,
473 710 578 749 venit
595 711 808 749 haereditas.

222 765 306 804 Nec
336 779 425 804 vero
456 778 632 817 unquam
661 766 853 804 bellorum
886 765 1060 805 civilium
1092 777 1225 805 semen
1256 773 1296 806 et

165 833 279 858 causa
298 819 431 867 deerit,
451 820 547 858 dum
566 820 742 859 homines
760 819 899 872 perditi
913 820 1063 859 hastam
1078 820 1188 859 illam
1208 834 1295 860 cru-

164 883 295 912 entam
320 882 356 913 et
375 874 635 921 meminerint,
657 883 694 913 et
713 872 945 927 sperabifiit3
976 888 1095 927 quam
1116 875 1162 913 P.
1183 875 1296 914 Sulla

164 941 255 967 cum
275 929 472 976 vibrasset,
494 929 676 968 dictatore
694 929 911 981 propinquo
930 942 1021 975 suo;
1046 929 1165 977 idem,
1185 937 1295 969 sexto

164 991 202 1022 et
228 983 418 1022 tricesimo
443 996 544 1022 anno
570 991 670 1035 post,
691 997 714 1022 a
740 984 973 1022 sceleratiore
998 983 1109 1022 hasta
1132 996 1212 1022 non
1233 998 1296 1024 re-

163 1037 286 1076 cessit.
326 1038 442 1077 Alter
464 1046 608 1086 autem,
630 1038 698 1090 qui
716 1038 756 1076 in
775 1039 844 1077 ill-22
863 1038 1052 1077 dictatura
1070 1038 1194 1077 scriba
1211 1039 1297 1078 fue-

164 1101 238 1139 rat,
258 1093 300 1130 in
325 1092 398 1131 hac
415 1093 490 1131 fuit
510 1100 675 1144 quaestor
699 1095 882 1131 urbanus.
922 1093 988 1131 Ex
1007 1105 1086 1145 quo
1104 1093 1218 1132 debet
1234 1094 1296 1132 in-

163 1147 302 1198 telligi,
323 1147 464 1186 talibus
483 1147 650 1198 praemiis
664 1147 880 1199 propositis,
897 1160 1099 1199 nunquam
1113 1146 1295 1188 defutura

163 1201 267 1239 bella
297 1201 433 1240 civilia.
479 1201 618 1253 Itaque
647 1202 808 1253 parietes
840 1202 947 1240 urbis
978 1201 1095 1240 modo
1125 1209 1228 1240 stant
1257 1210 1295 1242 et

163 1263 338 1303 manent,
358 1256 463 1308 iique
488 1256 561 1307 ipsi
583 1257 667 1306 jam
692 1264 864 1295 extrema
888 1256 1028 1295 scelera
1050 1262 1292 1296 metuentem

163 1323 245 1348 rem
273 1323 362 1349 vero
386 1311 583 1362 publicam
608 1311 762 1362 penitus
787 1310 1002 1358 amisimus,
1018 1317 1134 1362 atque
1158 1311 1199 1349 in
1224 1311 1296 1350 has

163 1364 289 1402 clades
307 1365 527 1413 incidimus,
553 1365 810 1408 (redeundum
837 1373 893 1404 est
919 1365 1022 1404 enim
1048 1365 1099 1403 ad
1122 1366 1296 1417 proposi-

164 1426 267 1466 tum)
288 1418 383 1457 dum
402 1419 539 1466 metui,
556 1432 672 1471 quam
690 1420 767 1458 cari
781 1432 860 1458 ωδε
874 1428 912 1458 et
925 1419 1049 1471 diligi,
1069 1420 1294 1459 maluimus.

164 1472 268 1520 Quae
292 1473 325 1511 si
348 1474 493 1526 populo
519 1474 699 1513 Romano
725 1474 866 1524 injuste
893 1474 1098 1525 imperanti
1126 1474 1295 1514 accidere

162 1535 388 1579 potuerunt,
409 1527 504 1580 quid
524 1528 664 1567 debent
681 1536 818 1580 putare
843 1528 987 1580 singuli
1000 1530 1018 1567 ?
1059 1528 1179 1576 Quod
1201 1542 1293 1568 cum

163 1582 413 1633 perspicuum
431 1583 494 1629 sit,
509 1583 785 1622 benevolentiae
799 1583 879 1621 vim
894 1596 973 1622 esse
991 1595 1190 1635 magnam,
1210 1596 1294 1623 me-

164 1638 225 1675 tus
243 1637 505 1683 imbecillam3
536 1637 723 1689 sequitur,
744 1644 789 1676 ut
807 1637 1053 1684 disseramus,
1073 1638 1216 1689 quibus
1233 1651 1295 1677 re-

163 1692 237 1729 bus
269 1691 460 1744 possimus
493 1691 676 1731 facillime
706 1705 807 1754 eam,
837 1705 959 1745 quam
987 1692 1182 1743 volumus,
1210 1692 1295 1732 adi-

165 1745 275 1797 pisci,
296 1759 387 1785 cum
404 1746 548 1785 honore
568 1754 606 1785 et
623 1746 713 1795 fide,
733 1746 944 1786 mritatem.

219 1800 296 1839 Sed
315 1814 360 1839 ea
378 1813 456 1839 non
474 1801 616 1863 pariter
633 1814 766 1840 omnes
785 1814 966 1853 egemus·
983 1813 1076 1840 nam
1094 1800 1145 1840 ad
1163 1802 1295 1852 cujus-

164 1867 242 1906 que
260 1855 381 1893 vitam
406 1855 624 1894 institutam
650 1855 1021 1894 accommodandum
1046 1863 1117 1904 est,
1141 1869 1165 1894 a
1188 1856 1296 1895 mu}-

165 1910 263 1948 tisne
281 1922 378 1961 opus
397 1910 460 1957 sit,
480 1923 530 1948 an
549 1910 639 1949 satis
658 1923 682 1948 a
699 1910 844 1962 paucis,
869 1910 993 1962 diligi.
1033 1910 1195 1950 Certum
1218 1910 1294 1962 igi·

163 1970 227 2001 tur
245 1963 318 2002 hoc
333 1964 396 2011 sit,
411 1964 528 2016 idque
543 1973 581 2003 et
595 1965 768 2016 primum
783 1971 820 2004 et
834 1965 1006 2004 maxime
1021 1965 1292 2014 neceesarium,

163 2017 441 2057 familiaritates
459 2019 600 2058 habere
618 2018 714 2058 fidas
731 2020 949 2058 amantium
973 2032 1044 2058 nos
1062 2019 1293 2069 amicorum,

163 2079 201 2110 et
219 2080 348 2111 nostra
364 2072 605 2112 mirantium.
636 2073 735 2112 Haec
753 2074 857 2113 enim
877 2082 933 2112 ωε
946 2086 1027 2113 una
1044 2087 1104 2113 res
1121 2086 1291 2125 prorsus,

163 2134 208 2163 ut
226 2139 304 2165 non
327 2127 499 2165 multum
524 2127 676 2167 differat
698 2127 798 2167 inter
823 2141 997 2167 summos
1022 2136 1060 2167 et
1084 2127 1294 2167 mediocres

163 2180 288 2225 viros:
317 2193 438 2232 eaque
455 2181 630 2235 utrisque
648 2189 705 2221 est
722 2182 1002 2244 propemodum
1021 2182 1294 2234 comparanda.

165 2233 339 2284 Honore,
366 2243 404 2274 et
428 2236 565 2287 gloria,
592 2244 632 2276 et
656 2237 922 2277 benevolentia
949 2237 1109 2286 civium,
1138 2236 1300 2277 fortasse
