1470 2402
140 59 220 98 120
450 59 528 98 DE
557 59 730 109 FATO,
760 60 867 100 CAP.
891 61 953 99 12.

136 174 332 216 naturam,
352 176 398 207 ut
416 169 583 220 pondere
601 177 639 208 et
657 171 843 231 gravitate
866 175 1081 216 moveatur,
1099 180 1263 221 eamque

137 220 263 272 ipsam
283 236 361 261 esse
379 236 548 271 causam,
569 237 637 262 cur
654 224 709 262 ita
727 224 882 263 feratur.
911 224 1110 272 Similiter,
1123 224 1172 262 ad
1183 224 1267 262 ani-

139 288 293 314 morum
323 285 451 316 motus
482 279 729 325 voluntarios,
762 291 838 317 non
866 286 922 316 est
945 278 1174 330 requirenda
1198 291 1265 316 ex-

137 337 248 368 terna
267 345 390 370 causa.
432 333 569 371 Motus
595 333 698 370 enim
720 333 956 371 voluntzuius
981 345 1067 371 eam
1085 341 1266 371 naturam

86 418 94 433 ί
140 384 181 422 in
201 398 240 423 se
258 386 316 437 ip
302 400 338 425 se
358 388 538 433 continet
559 395 603 424 ut
623 387 670 425 sit
689 388 729 425 in
755 387 885 426 nostra
908 396 1108 439 potestate,
1135 387 1265 425 nobis-

141 445 218 490 qu'e
235 449 391 492 pareat:
422 454 492 480 nec
511 441 551 479 id
570 441 651 479 sine
670 455 808 480 causa:
839 443 924 491 ejus
943 442 1047 480 enim
1072 441 1127 481 rei
1153 454 1266 480 oeusa

141 493 225 545 ipsa
244 503 382 533 natura
401 504 467 534 est.

196 549 316 597 Quod
336 563 425 588 cum
449 551 503 588 ita
530 550 592 597 sit
614 550 708 602 quid
734 558 804 597 est,
831 564 899 590 cur
925 563 1002 589 non
1028 550 1153 590 omnis
1177 563 1267 602 pro·

141 604 332 642 nuntiatio
363 613 430 642 aut
455 618 543 643 vera
569 615 635 643 aut
662 605 758 644 falsa
783 605 844 651 sit
872 606 945 644 nisi
972 605 1267 644 concesserimus

139 657 221 696 fato
239 659 323 696 fieri
341 672 596 711 quaecumque
622 659 742 698 fiant}
733 670 748 686 ὁ
789 660 897 707 Quia
920 659 1052 698 futura
1079 673 1182 708 vera,
1209 660 1270 697 in-

141 712 240 773 quit,
271 725 348 750 non
377 722 536 764 possunt
565 727 643 752 esse
672 727 729 761 ea,
758 727 845 766 quae
873 727 1018 761 causa-5,
1046 728 1114 753 cur
1137 713 1270 752 futura

143 766 232 813 sint,
255 780 331 805 non
351 767 505 806 habent.
538 768 721 806 Habeant
739 769 857 819 igitur
872 782 1018 816 causas,
1033 781 1184 807 necesse
1198 776 1269 816 est,

142 833 186 859 ea
226 835 315 874 quae
346 835 434 861 vera
463 831 577 869 sunt3
620 823 688 871 ita,
720 836 810 862 cum
836 823 1044 872 evenerint,
1079 823 1158 862 fato
1185 835 1270 862 eve-

142 876 282 914 nerint.

197 931 300 970 XII.
330 932 559 971 Confectum
586 933 800 995 negotium,
821 933 852 972 si
871 932 1029 986 quidem
1049 932 1120 972 tibi
1139 945 1271 972 conce-

144 986 316 1025 dendum
347 996 416 1035 est
451 995 519 1025 aut
549 987 627 1026 fato
656 988 787 1026 omnia
814 988 923 1026 fieri·
912 1017 924 1034 ‚
960 995 1028 1026 aut
1056 987 1271 1050 quidquam

143 1054 253 1093 posse
271 1041 353 1080 fieri
372 1042 453 1080 sine
471 1055 597 1080 causa.
637 1043 706 1080 An
726 1043 835 1081 aliter
853 1043 935 1081 haec
954 1042 1166 1081 enuntiatio
1185 1055 1274 1080 vera

144 1109 223 1134 esse
248 1109 325 1135 non
349 1104 486 1148 potest,
516 1099 544 1118 ‘⁶
561 1097 697 1148 Capiet
717 1097 976 1135 Numantiam
1004 1096 1175 1149 Scipio‚''
1199 1097 1274 1135 nisi

143 1163 192 1188 ex
212 1151 420 1189 aeternitate
439 1164 552 1189 causa
571 1164 726 1190 causam
745 1164 870 1190 serens
888 1151 960 1190 hoc
980 1152 1051 1190 erit
1063 1151 1274 1190 effectura?

143 1205 213 1243 An
238 1205 311 1244 hoc
337 1205 478 1243 falsum
504 1206 689 1257 potuisset
715 1219 807 1254 esse,
828 1206 860 1244 si
883 1214 978 1245 esset
998 1205 1184 1245 sexcentis
1203 1219 1274 1244 sae-

144 1259 240 1298 culis
265 1268 354 1298 ante
380 1260 559 1298 dictum?
601 1260 669 1307 Et,
691 1261 722 1299 si
741 1268 826 1298 tum
853 1273 930 1299 non
957 1268 1052 1299 esset
1078 1273 1167 1299 vera
1190 1259 1274 1299 haec

143 1314 371 1361 enuntiatio,
404 1318 432 1336 ‘²
454 1315 590 1366 Capiet
619 1315 878 1353 Numantiam
910 1315 1094 1367 Scipio;”
1128 1327 1177 1353 ne
1203 1314 1273 1353 illa

145 1368 303 1420 quidem
323 1369 453 1407 everso
472 1382 560 1407 vera
580 1378 635 1408 est
653 1370 734 1407 haec
754 1369 979 1415 enuntiatio,
1006 1372 1034 1391 “
1051 1369 1166 1421 Cepit
1184 1369 1274 1408 Nu-

143 1423 333 1461 mantiam
365 1423 534 1475 Scipio.”
577 1424 707 1462 Potest
737 1423 855 1476 igitur
885 1424 1100 1476 quidquam
1125 1423 1273 1462 factum

17 1508 20 1514 ,
145 1490 238 1524 esse,
265 1477 369 1529 quod
391 1491 469 1516 non
494 1491 628 1516 verum
653 1478 768 1517 fuerit
793 1478 971 1517 futurum
997 1481 1108 1517 esse?
1148 1478 1271 1526 Nam,

2 1531 190 1570 μαινίόιιι
206 1532 399 1584 praeterita
418 1545 462 1571 ea
481 1546 569 1571 vera
588 1533 767 1594 dicimus,
787 1546 953 1584 quorum
969 1546 1161 1585 supenore
1176 1540 1275 1571 tem-

145 1598 237 1638 pore
255 1599 345 1625 vera
362 1586 708 1632 fuefif'instantia;
740 1587 792 1626 sic
817 1587 962 1630 futura
991 1600 1158 1639 quorum
1184 1600 1276 1626 con-

145 1641 321 1692 sequenti
339 1650 510 1693 tempore
530 1655 618 1680 vera
632 1642 702 1680 erit
716 1642 911 1690 instantia,
928 1656 972 1680 ea
987 1655 1074 1680 vera
1089 1642 1274 1681 dicemus.

203 1696 302 1744 Nec,
323 1696 355 1734 si
382 1709 497 1735 omne
524 1696 768 1735 enuntiatum
795 1705 862 1735 aut
885 1710 1020 1735 verum
1046 1705 1114 1734 aut
1131 1697 1276 1736 falsum

147 1758 217 1797 est
243 1750 415 1802 sequitur
441 1751 558 1797 illico,
579 1765 658 1790 esse
683 1764 815 1790 causas
840 1751 1116 1800 immutabiles,
1137 1764 1278 1803 easque

147 1813 321 1852 aeternas,
357 1819 445 1857 quae
481 1805 709 1857 prohibeant
741 1805 956 1858 quidquam
989 1819 1096 1845 secus
1128 1805 1276 1854 cadere,

146 1866 265 1910 atque
289 1873 468 1898 casurum
495 1861 553 1899 sit.
596 1860 783 1899 Fortuitae
807 1868 898 1899 sunt
921 1873 1058 1908 causae,
1083 1873 1171 1912 quae
1197 1860 1277 1899 effi-

147 1913 264 1962 ciant,
284 1921 329 1952 ut
351 1927 437 1952 vere
463 1914 652 1962 dicantur,
681 1928 769 1968 quae
793 1915 848 1953 ita
873 1915 1062 1963 dicentur,
1091 1918 1119 1936 “
1136 1915 1278 1954 Veniet

148 1967 247 2006 Cato
276 1968 315 2005 in
345 1969 565 2016 senatum‚”
600 1982 677 2007 non
710 1969 868 2008 inclusae
894 1969 935 2007 in
963 1982 1093 2008 rerum
1122 1970 1276 2017 natura,

147 2030 265 2074 atque
289 2022 449 2061 mundo.
484 2023 539 2062 Et
558 2031 687 2062 tamen
707 2032 789 2062 tam
807 2032 863 2063 est
880 2023 1124 2063 immutabile
1142 2032 1278 2062 ventu-

149 2089 253 2124 rum,
283 2090 374 2116 cum
401 2086 457 2116 oet
485 2091 634 2125 verum,
663 2091 783 2130 quam
810 2079 982 2125 venisse3
1017 2091 1087 2116 nec
1114 2079 1164 2117 ob
1192 2091 1279 2117 eam

148 2143 304 2169 causam
325 2131 465 2179 faunu,
486 2140 554 2171 aut
572 2133 773 2172 necessitas
791 2133 1074 2172 extimescenda
1098 2141 1166 2172 est.
1207 2132 1281 2171 Et-

147 2185 253 2224 enim
273 2186 343 2225 erit
361 2186 533 2226 confiteri
551 2199 716 2236 necesse,
741 2188 774 2227 si
798 2188 881 2228 haec
907 2187 1133 2236 enuntiatiQ
1155 2190 1184 2211 ‘⁶
1199 2187 1280 2228 Ve-
