1470 2402
135 108 216 146 250
304 107 383 147 DE
413 106 679 157 omens,
708 108 868 147 Iun-1.
899 108 1005 148 CAP.
1026 109 1093 147 41.

133 215 252 282 stitia,
279 229 328 255 ex
352 216 558 265 hilaritate,
587 230 636 255 ex
663 216 757 266 risu,
785 230 833 256 ex
859 217 1064 266 locutione,
1094 229 1142 255 ex
1169 215 1260 255 reti-

128 270 268 331 centia,
288 284 336 309 ex
355 272 596 310 contentione
614 272 729 320 vocis,
750 284 799 310 ex
823 271 1088 319 submissione,
1109 284 1158 309 ex
1182 283 1255 309 cae-

127 324 217 362 teris
236 325 441 374 similibus,
461 325 572 364 facile
594 325 869 375 judicabimus,
893 325 988 378 quid
1013 337 1146 364 eorum
1167 332 1257 377 apte

127 377 209 425 fiat,
230 379 325 430 quid
344 381 392 417 ab
412 380 535 418 officio
555 381 770 432 naturaque
788 380 985 432 discrepet.
1021 379 1142 428 Quo
1131 391 1172 417 m
1190 391 1258 430 ge-

127 444 231 481 nere,
260 445 338 472 non
364 442 420 472 est
445 434 750 482 incommodum,
774 435 888 487 quale
915 434 1096 486 quodque
1123 445 1258 472 eorum

127 486 191 535 sit,
221 500 269 526 ex
295 488 379 526 aliis
403 488 600 550 judicare3
624 495 694 550 .Ut’
721 488 754 527 si
778 489 873 541 quid
895 489 1073 527 dedeceat
1096 488 1137 526 in
1161 487 1253 536 illis,

126 540 292 580 vitemus
312 549 350 580 et
367 542 453 594 ipsi.
491 543 556 581 Fit
575 542 692 591 enirn,
712 543 838 582 nescio
857 556 936 596 quo
957 543 1087 590 modo,
1108 549 1155 580 ut
1170 554 1256 580 ma-

126 595 186 646 gis
217 596 259 634 in
293 596 378 634 aliis
411 610 610 635 cernamus
594 618 625 645 s,
655 610 774 648 quam
801 597 843 634 in
870 597 1061 636 nobismet
1087 595 1256 647 ipsis,51
1223 595 1256 634 si

157 649 224 688 uid
257 649 521 702 delinquitur:
547 651 694 702 itaque
725 651 906 690 facillime
939 650 1181 702 corriguntur
1213 650 1255 688 in

127 662 320 753 :ij-scendo,
341 717 509 757 quorum
529 705 622 743 vitia
640 705 855 756 imitantur,
876 704 1106 744 emendandi
1123 704 1254 754 causa,

126 758 314 810 magistri.

182 813 225 851 N
227 826 269 852 ec
287 826 376 852 vero
394 814 565 852 alienum
586 821 656 862 est,
675 814 726 852 ad
744 826 789 852 ea
807 813 984 866 eligenda
1000 826 1088 866 quae
1102 812 1257 852 dubita-

127 866 273 905 tionem
292 867 472 917 afferunt,
494 868 677 907 adhibere
695 868 826 907 doctos
843 868 1033 915 homines,
1053 867 1115 906 vel
1140 867 1257 906 etiam

127 934 202 959 usu
231 922 386 974 peritos,
416 929 468 972 et,
495 922 591 975 quid
622 924 683 962 his
713 923 761 961 de
793 935 949 975 quoque
976 921 1092 961 officii
1118 934 1258 973 genere

127 975 290 1029 placeat,
312 977 523 1028 exquirere.
564 977 697 1028 1Iajor
723 977 826 1016 enim
851 991 941 1029 pars
960 990 1003 1015 eo
1022 976 1101 1015 fere
1118 975 1256 1015 deferri

129 1030 239 1079 solet,
259 1044 338 1083 quo
357 1045 380 1070 a
397 1032 538 1070 natura
555 1031 640 1083 ipsa
658 1031 870 1070 deducitur.
900 1032 950 1070 In
969 1031 1111 1083 quibus
1125 1030 1258 1069 viden-

128 1083 226 1122 dum
239 1092 309 1132 est,
322 1098 401 1123 non
415 1085 531 1124 modo
545 1086 639 1138 quid
654 1086 819 1138 quisque
831 1086 1027 1139 loquatur,
1044 1085 1111 1124 sed
1123 1084 1255 1133 etiam,

130 1138 225 1190 quid
258 1139 422 1191 quisque
453 1140 604 1189 sentiat,
639 1149 755 1192 atque
784 1140 915 1189 etiam,
942 1154 1029 1202 qua
1060 1139 1108 1178 de
1140 1139 1257 1178 causa

128 1193 294 1244 quisque
312 1194 460 1232 sentiat.
489 1195 547 1233 Ut
567 1195 670 1233 enim
688 1195 863 1246 pictores,
884 1203 922 1233 et
939 1195 967 1233 ii
986 1193 1055 1256 qui
1073 1193 1183 1245 signa
1199 1193 1258 1231 fa-

128 1247 338 1295 bricantur,
359 1255 397 1287 et
414 1261 502 1288 vero
521 1249 637 1287 etiam
654 1253 791 1300 poe'tae,
812 1262 927 1287 suum
946 1249 1109 1300 quisque
1123 1261 1220 1309 opus
1234 1261 1259 1286 a

128 1301 247 1352 vulgo
266 1302 494 1341 considerari
511 1303 609 1351 vult,
629 1311 688 1353 ut,
709 1303 741 1341 5i
759 1303 856 1356 quid
873 1303 1146 1355 reprehensum
1167 1301 1216 1340 sit
1233 1315 1258 1340 a

127 1355 320 1408 pluribus,
354 1356 396 1395 id
427 1357 665 1409 corrigatur,
705 1357 838 1409 hique,
870 1365 908 1396 et
938 1369 1067 1396 secum
1096 1364 1135 1395 et
1166 1368 1256 1395 cum

129 1409 228 1459 aliis,
249 1411 373 1462 quid
362 1424 404 1448 m
429 1425 473 1450 eo
497 1420 698 1463 peccatum
724 1412 786 1460 sit,
813 1411 1049 1464 exquirunt3
1085 1411 1137 1451 sic
1162 1410 1257 1449 alio-

130 1476 220 1502 rum
237 1465 383 1514 judicio
401 1466 595 1518 permulta
619 1466 730 1505 nobis
756 1475 793 1504 et
817 1465 1004 1514 facienda,
1033 1472 1071 1504 et
1095 1476 1173 1504 non
1197 1465 1257 1503 fa-

129 1517 278 1567 cienda,
299 1526 337 1558 et
353 1521 555 1570 mutanda,
576 1529 614 1560 et
632 1520 854 1573 corrigenda
871 1527 974 1558 sunt.

185 1572 288 1634 Quae
315 1587 404 1612 vero
430 1587 538 1613 more
564 1582 747 1626 aguntur,
774 1574 1036 1636 institutisque
1062 1573 1254 1622 civilibus,

130 1626 207 1665 de
196 1627 243 1666 iis
261 1627 359 1666 1111111
384 1636 440 1667 est
464 1629 777 1681 praecipiendum.
818 1629 896 1668 Illa
920 1629 1024 1668 enim
1048 1628 1133 1680 ipsa
1156 1641 1256 1680 prae-

129 1689 240 1733 cepta
257 1690 373 1723 sunt:
403 1695 473 1722 1188
491 1696 730 1736 quemquam
748 1683 821 1722 hoc
840 1695 965 1722 errore
982 1683 1072 1721 duci
1090 1689 1253 1738 oportet,

129 1743 188 1784 ut,
218 1735 250 1774 si
277 1736 373 1788 quid
401 1737 574 1776 Socrates
601 1745 670 1776 aut
694 1737 922 1790 Aristippus
949 1744 1080 1776 contra
1106 1749 1253 1775 morem

128 1790 523 1843 consuetudinemque
560 1792 711 1831 civilem
749 1792 920 1854 fecerint,
959 1791 1125 1830 locutive
1162 1790 1253 1838 sint,

128 1843 233 1882 idem
265 1844 339 1883 sibi
369 1846 574 1884 arbitretur
603 1846 729 1885 licere.
773 1846 900 1898 Magn
901 1846 933 1884 is
964 1845 1022 1884 1111
1049 1853 1087 1884 et
1113 1844 1254 1882 divinis

128 1899 239 1936 bonis
253 1897 353 1937 hanc
365 1899 559 1938 licentiam
574 1902 885 1962 assequebantur.
915 1899 1151 1951 Cynicorum
1164 1911 1253 1936 vero

127 1951 224 1990 ratio
239 1959 319 1991 tota
333 1960 389 1991 est
403 1954 598 2003 ejicienda.
627 1955 700 1992 Est
715 1955 818 1993 enim
832 1954 988 1992 inimica
1002 1952 1251 2001 verecundiae,

128 2005 211 2044 sine
229 2019 308 2057 qua
326 2007 424 2045 nihil
443 2015 590 2047 rectum
610 2021 688 2047 esse
706 2017 843 2060 potest,
864 2008 962 2046 nihil
979 2008 1195 2046 honestum.

182 2059 265 2098 Eos
289 2068 435 2109 autem,
461 2075 628 2114 quorum
656 2063 736 2101 vita
758 2070 955 2114 perspecta
979 2061 1020 2099 in
1044 2062 1158 2099 rebus
1184 2060 1255 2098 ho-

129 2113 246 2152 uestis
263 2120 379 2166 atque
395 2117 548 2176 magnis
566 2124 635 2165 est,
655 2118 753 2155 bene
765 2117 813 2156 de
827 2115 1023 2168 republica
1037 2114 1253 2161 sentientes,

130 2179 174 2208 ac
197 2168 295 2206 bene
319 2169 475 2208 meritos
502 2178 571 2208 aut
597 2178 799 2220 merentes,
826 2171 924 2210 sicut
950 2169 1080 2221 aliquo
1109 2168 1255 2206 honore

130 2229 197 2264 aut
219 2221 383 2274 imperio
407 2224 574 2274 affectos,
600 2227 798 2264 observare
823 2232 861 2264 et
890 2224 1011 2264 colere
1038 2223 1248 2263 debemus·
1235 2250 1249 2267 ,
