1470 2402
211 103 292 140 458
540 100 953 141 PHAENOMENA.

205 208 243 247 E
264 210 405 262 quibus
423 210 571 262 ingenti
589 210 736 249 exsistit
754 222 844 249 cum
863 221 1032 261 corpore,
1051 221 1132 261 prae
1145 221 1186 247 se
1249 208 1330 253 437

207 264 386 316 Scorpius
403 265 563 303 infestus
581 273 818 317 praeportans
835 263 962 302 flebile
980 275 1155 307 acumen.

206 317 261 355 H
252 331 285 356 ιε
305 319 431 357 valido
450 319 587 380 cupide
607 327 809 357 venantem
827 317 990 369 perculit
1007 317 1101 363 ictu,

208 371 489 411 Mortiferum
478 386 519 411 in
539 386 654 412 venas
672 373 793 424 figens
812 385 879 423 per
897 372 1057 410 vulnera
1074 371 1207 410 virus·
1250 371 1330 411 440

209 424 284 464 Ine
303 428 411 478 gravi
429 428 594 466 moriens
614 427 818 468 constravit
836 438 991 477 corpore
1009 433 1163 464 terram.

207 479 354 528 Quare,
375 494 464 519 cum
484 482 636 533 magnis
656 494 736 520 sese
757 481 872 532 Nepa
888 479 1040 518 lucibus
1059 479 1182 528 effert,

208 533 331 573 On'on
351 535 504 586 fugiens
523 535 767 574 commendat
784 547 940 586 corpora
959 534 1078 572 terris.

207 587 314 627 Tum
334 602 423 628 vero
441 589 543 641 fugit
561 588 841 634 Andromeda,
831 603 840 612 ·
872 596 909 627 et
928 588 1130 639 Neptunia
1149 588 1293 629 Pistrix

209 642 313 681 Tota
330 644 451 691 latet3
481 644 581 683 cedit
599 656 777 683 converso
797 656 952 695 corpore
973 641 1168 694 Cepheus,
1247 644 1328 682 445

207 696 416 736 Extremas
433 698 561 737 medio
581 698 803 759 contingens
822 710 977 749 corpore
995 706 1124 737 terras.

208 750 287 789 Hic
305 760 420 804 caput
439 761 476 791 et
495 765 651 804 superas
670 752 769 804 potis
788 761 845 790 ωε
862 751 1080 803 demergere
1097 760 1247 804 Ρδῆθε.

206 805 337 844 Infera
354 807 578 845 lumborum
599 819 800 858 nunquam
820 818 915 844 conv
917 806 1024 844 estiet
1041 808 1207 845 umbra.

206 859 315 898 Nam
335 861 500 899 retinent
517 861 644 909 Arcti,
664 861 868 899 lustrant&
886 860 1035 898 lumine
1050 874 1169 899 suras.

207 913 373 953 Labitur
390 915 458 953 illa
475 915 608 963 simul,
628 923 761 954 natam
778 915 992 966 lacrymosa
1009 915 1221 966 requirens,
1251 916 1331 954 450

206 968 425 1020 Cassiopea,
445 982 584 1022 neque,
605 983 654 1008 ex
673 970 765 1008 coelo
783 968 956 1020 depulsa,
983 968 1115 1008 decore

207 1022 346 1061 Fertur
363 1038 373 1061 ι
404 1036 494 1062 narn
515 1037 621 1062 verso
640 1023 864 1074 contingens
883 1022 1021 1061 vertice
1040 1023 1213 1075 primum

207 1076 362 1123 Terras,
383 1087 469 1129 post
488 1078 674 1125 humeris,
696 1091 740 1116 ev
743 1078 825 1116 ersa
844 1076 945 1125 sede,
965 1077 1139 1116 refertur.

205 1130 320 1169 Hanc
338 1132 395 1169 ini
415 1133 590 1171 tribuunt
609 1145 799 1184 poenam
783 1131 968 1170 Nereides
986 1131 1125 1178 almae3

204 1186 309 1223 Cum
328 1186 469 1237 quibus
490 1188 553 1239 (ut
571 1184 791 1239 perhibent)
813 1198 906 1224 ausa
932 1193 988 1224 est
1007 1185 1235 1225 contendere
1251 1185 1331 1224 for-

369 1253 447 1278 ma.
1251 1241 1330 1278 455

207 1292 306 1334 Haec
324 1295 405 1334 obit
417 1294 627 1334 inclinata.
658 1302 697 1333 at
715 1308 803 1346 pars
822 1302 953 1334 exorta
971 1294 1133 1334 Coronae
1152 1301 1208 1333 θεῖ

204 1348 366 1394 A31oera
397 1362 487 1387 cum
507 1349 705 1400 caudaque
724 1350 848 1387 omnis
863 1350 946 1398 jam
965 1349 1148 1410 panditur
1162 1347 1314 1400 Hydra.

204 1403 264 1441 At
283 1412 398 1454 caput
416 1412 453 1442 et
473 1412 597 1442 totum
617 1417 696 1442 sese
715 1403 931 1442 Centaurus
949 1405 1078 1455 opacis

203 1456 335 1509 Eripit
353 1470 373 1496 e
394 1458 571 1505 tenebris,
591 1457 770 1509 linquens
789 1457 946 1508 vestigia
963 1471 1082 1509 parva

207 1511 458 1563 Antepedum
478 1520 672 1550 contecta:
701 1511 819 1550 simul
837 1519 922 1549 tum
941 1511 1092 1550 lumina
1108 1511 1270 1565 pandit:

205 1566 296 1618 Ipse
314 1566 436 1604 feram
455 1566 592 1604 dextra
610 1566 758 1605 retinet.
790 1565 1010 1604 Prolabitur
1028 1565 1117 1605 inde
1246 1567 1321 1604 461

202 1620 475 1672 Anguitenens
505 1620 628 1672 oepite
647 1629 685 1660 et
702 1620 907 1659 manibus:
937 1620 1081 1673 profert
1097 1620 1217 1660 simul
1240 1621 1329 1659 An-

407 1688 461 1713 ns

204 1728 234 1767 J
236 1741 299 1767 am
315 1689 444 1781 οδξῆ,
458 1736 495 1767 et
507 1742 706 1768 summum
720 1729 820 1769 flexo
832 1729 879 1768 de
893 1742 1047 1782 corpore
1060 1729 1206 1770 lumen.

204 1782 287 1821 Hic
305 1783 370 1822 ine
389 1784 558 1823 exoritur
577 1796 755 1823 converso
773 1797 928 1837 corpore
947 1785 1094 1832 Nixus,

203 1838 367 1883 Alvum,
388 1851 512 1884 crura,
532 1838 728 1886 humeroe,
742 1839 859 1877 simul
874 1846 911 1877 et
924 1838 1132 1891 praecordia
1144 1839 1327 1886 lustrans,

201 1891 258 1931 Et
277 1891 414 1931 dextra
431 1892 555 1931 radios
569 1892 658 1931 laeto
676 1905 766 1932 cum
785 1893 934 1932 lumine
953 1894 1114 1943 jactans.
1246 1894 1327 1932 466

207 1945 308 1984 Inde
327 1946 601 2008 Sagittipotens
620 1960 776 1999 superas
795 1947 986 1986 convisere
1003 1947 1107 1986 luces

207 1999 369 2047 Institit,
390 2011 427 2039 et
445 2001 623 2052 mergit
605 2001 705 2040 Nixi
722 2009 867 2063 caput3
897 2009 934 2040 et
952 2001 1069 2040 simul
1088 2001 1195 2040 effert

205 2057 296 2093 Sese
315 2055 415 2093 clara
430 2054 559 2102 Fides,
581 2063 617 2093 et
636 2056 778 2107 promit
795 2063 947 2108 pectora
966 2055 1155 2108 Cepheus.

204 2108 237 2146 l·
241 2108 391 2147 ervidus
409 2109 475 2147 ille
495 2109 612 2148 Canis
632 2117 711 2148 toto
733 2122 823 2149 cum
842 2123 997 2162 corpore
1015 2110 1141 2149 cedit·
1129 2139 1142 2156 ,
1248 2110 1328 2156 470

204 2162 379 2204 Abditur
399 2162 523 2203 Orion
538 2178 550 2209 ;
575 2164 656 2202 obit
670 2172 709 2203 et
727 2164 860 2216 Lepus
878 2163 1033 2204 abditus
1050 2163 1218 2211 umbria

210 2216 397 2257 Inferiora
416 2217 559 2258 oedunt
579 2218 738 2273 Aurigae
755 2218 908 2259 lumina
922 2219 1048 2272 lapsu.
