1470 2402
330 92 410 132 DE
440 92 705 143 LEGIBUS,
736 92 836 131 1213.
858 92 893 131 Ι.
925 93 1030 132 ΟΑΡ.
1055 92 1117 131 14.
1213 93 1290 133 143

166 201 434 250 deservientes,
462 209 578 254 atque
603 201 748 249 omnia,
777 213 866 254 quae
891 210 1100 254 sequantur
1129 203 1170 241 in
1195 203 1290 252 vita,

167 269 333 308 quaeque
363 256 530 308 fugiant,
561 256 822 308 voluptatibus
854 264 892 295 et
924 257 1119 296 doloribus
1147 258 1294 309 ponde-

167 318 308 359 rantes,
338 311 453 350 etiam
481 310 512 349 si
538 325 626 349 vera
653 311 800 358 dicunt,
831 311 946 354 (nihil
975 311 1079 349 enim
1110 325 1207 364 opus
1237 321 1294 352 est

165 363 239 403 hoc
257 365 340 404 loco
358 365 508 411 litibus)
527 366 569 403 in
583 365 746 403 hortulis
761 364 839 404 suis
854 366 1061 415 jubeamus
1076 366 1213 415 dicere,
1235 376 1292 406 31-

166 432 244 471 (1113
262 420 378 458 3113111
397 421 445 458 ab
461 420 567 458 omni
582 420 757 458 societate
771 419 1005 471 reipublicae,
1021 421 1130 470 cujus
1144 429 1294 472 partem

166 485 236 511 nec
269 476 412 511 norunt
445 474 582 521 ullam,
621 487 690 513 nec
722 487 898 526 unquam
931 476 1041 513 nosse
1073 475 1292 526 voluerunt,

166 528 362 579 paulisper
376 528 576 575 facessant,
598 541 788 580 rogemus.
820 529 1142 567 Perturbatricem
1162 539 1294 569 autem

167 581 309 620 harum
323 583 499 621 omnium
514 596 643 621 rerum
655 582 925 631 Academiam,
942 583 1041 621 hanc
1055 585 1104 622 ab
1119 584 1297 624 Arcesila

167 643 206 674 et
226 636 423 675 Carneade
441 646 644 685 recentem,
667 650 881 698 exoremus,
902 645 947 676 ut
965 638 1084 676 sileat.
1122 639 1244 687 Nam,
1265 639 1297 678 si

166 689 346 729 invaserit
370 691 411 729 in
438 692 534 737 haee,
564 706 651 744 (11113
677 691 766 729 33113
794 691 883 730 scite
913 692 1022 730 nobis
1049 693 1108 730 ins
1111 701 1234 731 tructa
1259 701 1297 732 et

167 745 379 803 composita
397 745 588 793 videntur,
610 746 748 784 nimias
768 745 852 784 edet
871 746 1011 784 ruinas.
1054 746 1189 794 Quam
1208 748 1296 800 qui-

167 798 258 837 dem
278 813 348 851 ego
367 800 518 851 placare
538 801 665 852 cupio,
687 802 913 839 submovere
931 813 1009 839 non
1027 801 1163 840 audeo.

222 875 379 912 Desunt
396 874 460 913 hic
475 876 650 926 fortasse
673 876 858 913 nonnulla
877 876 922 913 de
934 877 1085 926 peccati
1104 877 1296 915 conscicn-

334 928 407 979 τὶἂ,
429 934 466 968 et
484 932 670 968 scelerum
682 932 822 980 poenz‘s.

222 1016 344 1055 XIV.
362 1017 468 1055 Nam
488 1024 526 1055 et
543 1017 584 1054 in
602 1017 662 1064 iis,
684 1016 765 1055 sine
775 1016 880 1055 illius
893 1017 1134 1065 suffimentis,
1156 1019 1301 1071 expiati

167 1083 314 1109 sumus.
344 1071 404 1109 At
422 1084 510 1109 vero
530 1071 715 1110 scelerum
735 1071 775 1108 in
795 1071 970 1110 homines
989 1080 1104 1123 atque
1122 1073 1300 1125 impieta-

168 1131 255 1162 tum
270 1126 379 1163 nulla
394 1125 561 1177 expiatio
577 1132 642 1164 est.
674 1125 814 1177 Itaque
828 1138 958 1177 poenas
972 1126 1102 1175 luunt,
1119 1139 1196 1165 non
1216 1136 1298 1167 tam

168 1178 324 1228 judiciis
344 1183 449 1232 (quae
469 1180 636 1232 quonda
629 1193 667 1217 n
686 1192 881 1231 nusquam
902 1188 1023 1229 erant,
1051 1181 1166 1220 hodie
1195 1184 1300 1221 mul-

170 1232 339 1272 tifariam
358 1235 467 1273 nulla
494 1241 598 1281 sunt,
625 1234 693 1272 ubi
720 1241 810 1272 sunt
835 1242 980 1281 tamen,
1010 1247 1179 1287 persaepe
1201 1237 1299 1276 falsa

168 1295 291 1334 sunt),
305 1302 425 1350 quam
440 1288 725 1341 [conscientia,]
747 1295 792 1326 ut
811 1302 873 1327 eos
891 1289 1037 1351 agitent
1050 1289 1154 1329 insec
1155 1299 1302 1330 tentur-

169 1355 247 1393 que
266 1343 299 1380 F
303 1357 410 1392 11111,
423 1356 501 1382 non
521 1343 741 1382 ardentibus
756 1343 878 1390 taedis,
900 1344 997 1381 sicut
1011 1343 1051 1381 in
1066 1344 1222 1393 fabulis,
1237 1347 1303 1385 sed

168 1409 312 1458 3113013
323 1398 574 1464 conscientiae,
596 1398 818 1450 fraudisque
833 1398 1013 1436 cruciatu.
1045 1398 1164 1446 Quod
1183 1400 1215 1438 si
1233 1400 1303 1439 ho-

170 1451 295 1490 mines
318 1454 367 1490 ab
391 1453 536 1502 injuria
559 1465 685 1504 poena,
713 1464 791 1490 non
816 1459 967 1513 natura,
989 1466 1114 1492 arcere
1133 1454 1301 1504 deberet,

170 1518 355 1557 quaenam
369 1508 583 1546 sollicitudo
598 1514 754 1545 vexaret
766 1506 921 1558 impios,
935 1507 1086 1546 sublato
1098 1509 1305 1560 supplicio-

171 1572 261 1598 rum
275 1563 416 1600 metu?
437 1574 604 1614 quorum
616 1568 747 1600 tamen
759 1573 873 1600 nemo
888 1569 969 1599 tam
984 1561 1113 1600 audax
1127 1575 1304 1615 unquam

171 1614 262 1663 fuit,
282 1616 378 1667 quin
392 1625 460 1655 aut
478 1618 663 1655 abnueret
678 1629 701 1653 a
719 1628 758 1654 se
778 1615 1028 1654 commissum
1043 1629 1123 1655 esse
1138 1617 1302 1666 facinus,

174 1676 243 1708 aut
258 1670 354 1720 justi
373 1671 433 1708 sui
453 1671 592 1709 doloris
611 1683 766 1709 causam
785 1670 958 1732 aliquam
976 1670 1151 1721 fingeret,
1171 1671 1305 1710 defen-

173 1724 400 1786 sionem-que
424 1725 602 1764 facinoris
628 1738 651 1762 a
673 1732 820 1762 naturae
843 1725 930 1774 jure
955 1725 1087 1776 aliquo
1106 1735 1304 1776 quaereret.

174 1779 279 1828 Quae
298 1779 330 1818 si
348 1779 541 1831 appellare
566 1779 710 1817 audent
734 1778 860 1830 impii,
891 1791 969 1830 (1110
1002 1778 1156 1817 tandem
1178 1781 1306 1820 studio

177 1834 351 1874 colentur
370 1847 394 1872 a
412 1833 554 1872 bonis?
585 1833 703 1881 Quod
723 1833 754 1871 si
772 1845 899 1883 poena,
921 1832 952 1870 si
970 1840 1097 1871 metus
1112 1835 1304 1886 supplicii,

177 1901 255 1927 non
280 1888 364 1953 ipsa
383 1887 597 1940 turpitudo,
625 1887 787 1925 deterret
805 1887 884 1925 ab
873 1887 1059 1936 injuriosa
1078 1887 1309 1928 facinorosa-

174 1956 254 1996 que
273 1942 376 1988 vita3
406 1955 521 1981 nemo
541 1950 596 1980 est
613 1941 806 1991 injustu53
831 1939 912 1993 [at]
933 1941 1078 1979 incauti
1096 1943 1224 1994 potius
1238 1944 1308 1983 ha-

178 1997 296 2037 bendi
315 2005 406 2036 sunt
424 1997 602 2049 improbi.

232 2052 342 2091 Tum
368 2059 513 2099 autem,
542 2050 611 2103 qui
630 2063 706 2088 non
725 2050 808 2102 ipso
837 2050 996 2089 honesto
1020 2064 1237 2101 movemur,
1267 2062 1311 2092 ut

179 2107 272 2147 boni
298 2107 371 2145 viri
401 2106 535 2153 simus,
567 2105 632 2144 sed
659 2105 826 2143 utilitate
856 2105 988 2157 aliqua
1020 2113 1137 2157 atque
1166 2108 1309 2155 fructu,

178 2162 310 2201 callidi
336 2174 484 2209 sumus,
514 2173 592 2199 non
611 2159 716 2198 boni.
759 2160 868 2197 Nam
887 2160 982 2212 quid
1000 2160 1113 2199 faciet
1138 2161 1170 2199 is
1195 2161 1313 2202 homo

178 2217 220 2256 in
245 2216 426 2263 tenebris,
457 2215 525 2267 qui
551 2214 650 2253 nihil
663 2214 789 2263 timet,
808 2213 883 2253 nisi
901 2221 1037 2254 testem
1055 2222 1094 2254 et
1108 2215 1278 2264 judicem
1295 2220 1312 2257 Ξ)
