1470 2402
142 83 217 121 144
301 80 380 120 DE
409 80 676 130 LEGIBUS,
707 80 808 120 LIB.
830 80 866 120 Ι.
896 80 1002 121 CAP.
1027 81 1103 120 15..·

138 191 248 243 quid,
277 191 319 230 in
337 191 485 231 deservo
502 191 586 230 loco
603 198 753 239 nactus,
782 204 899 244 quem
918 190 1046 229 multo
1062 203 1158 229 auro
1176 189 1269 243 spo}

136 247 232 285 liare
256 246 389 295 possit,
417 246 656 285 imbecillum
681 254 798 298 atque
821 246 979 284 solum?
1008 245 1151 284 Noster
1176 245 1267 292 qui-

137 300 226 339 dem
253 299 329 349 hic,
359 300 498 339 natura
523 302 651 350 justus
676 300 735 338 vir
764 313 808 339 ac
831 302 971 346 bonus,
1001 299 1118 338 etiam
1147 299 1266 338 eollo-

137 364 292 407 quetur,
318 355 484 405 juvabit,
504 355 545 393 in
565 355 667 393 viam
687 355 873 393 deducet.
904 355 937 393 is
955 367 1059 402 vero,
1080 353 1149 405 qui
1167 353 1267 392 nihil

137 410 294 448 alterius
313 410 427 448 causa
446 409 550 454 facit,
572 417 609 448 et
622 409 781 447 metitur
799 409 878 447 suis
892 407 1103 448 commodis
1117 408 1264 457 omnia,

137 464 290 511 videtis,
312 464 457 511 (credo)
477 464 571 516 quid
587 464 635 502 sit
649 471 814 502 acturus.
845 463 964 511 Quod
983 463 1016 501 si
1033 462 1204 514 negabit,
1225 475 1268 501 se

138 517 198 557 illi
228 519 348 557 vitam
379 526 615 569 erepturum,
648 525 685 556 et
715 531 854 556 aurum
885 518 1134 561 ablaturum;
1164 528 1267 554 nun-

140 586 260 625 quam
280 574 329 611 ob
348 586 433 611 eam
453 586 608 611 causam
627 572 797 624 negabit,
818 572 923 624 quod
942 572 982 610 id
996 571 1136 610 natura
1155 578 1269 623 turpe

135 628 297 678 judicet,
327 627 392 666 sed
412 626 515 678 quod
534 634 697 672 metuat,
717 639 766 665 ne
785 634 951 672 emanet,
971 625 1011 664 id
1030 634 1100 670 est,
1121 637 1170 664 ne
1183 638 1270 664 1113-

138 683 224 721 lum
239 682 390 720 habeat.
421 682 459 720 Ο
480 694 561 719 rem
582 681 755 733 dignam,
771 680 812 718 in
828 680 908 732 qua
921 693 1000 719 non
1014 680 1132 719 modo
1150 679 1268 729 docti,

139 750 274 776 verum
295 736 410 775 etiam
430 744 609 787 agrestes,
630 735 877 774 erubescant!

206 789 302 829 XV.
343 790 438 829 Jam
472 803 560 829 vero
592 789 690 828 illud
724 789 1009 835 stultissimum,
1049 787 1270 828 existimare

139 846 271 885 omnia
292 846 397 894 justa
416 858 508 892 esse,
530 858 618 895 quae
640 844 733 883 scita
751 844 826 882 sint
845 843 886 882 in
905 843 1140 905 populorum
1159 843 1271 882 insti‹

140 899 234 939 tutis
253 907 320 938 aut
337 899 499 962 legibus.
536 899 732 944 Etiamne..
761 899 793 937 si
818 912 905 951 quae
923 898 1026 949 leges
1045 895 1121 936 sint
1139 905 1271 949 tyran-

141 967 308 1000 norum;
340 955 370 993 si
399 954 557 1005 triginta
582 954 639 992 illi
666 952 834 992 Athenis
858 953 962 1005 leges
986 950 1183 1004 imponere
1201 965 1270 990 vo-

141 1010 328 1053 luissent3
370 1018 438 1047 aut
471 1009 503 1047 si
535 1021 668 1047 omnes
700 1008 959 1046 Athenienses
991 1007 1271 1046 delectarentur

143 1063 352 1115 tyrannicis
370 1064 546 1111 legibus·
577 1074 672 1101 num
699 1062 838 1101 idcirco
862 1062 924 1100 hae
948 1062 1051 1113 leges
1070 1062 1186 1123 justae
1204 1060 1274 1099 ha-

142 1120 351 1157 berentur?
383 1105 519 1156 Nihilo
546 1117 691 1163 (credo)
715 1118 839 1168 magis
863 1117 945 1162 illa,
967 1129 1086 1167 quam
1106 1116 1274 1154 interrex

142 1182 269 1211 noster
288 1172 392 1218 tulit,
414 1180 458 1210 ut
477 1171 651 1219 dictator,
673 1184 789 1220 quem
810 1172 924 1209 vellet
949 1170 1107 1215 civium,
1128 1170 1274 1209 indicta

140 1227 269 1271 causa,
297 1227 457 1278 impune
469 1234 595 1278 posset
615 1226 793 1264 occidere.
835 1225 908 1264 Est
927 1225 1031 1263 enim
1051 1230 1174 1263 unum
1191 1226 1272 1275 jus,

141 1295 220 1333 quo
239 1281 415 1320 devincta
434 1289 488 1319 est
508 1281 711 1318 hominum
733 1281 903 1326 societas,
925 1287 962 1317 et
981 1279 1086 1331 quod
1104 1279 1167 1317 lex
1183 1291 1273 1318 oon-

142 1335 267 1374 stituit
285 1348 389 1380 una;
421 1349 508 1387 quae
527 1335 590 1373 lex
611 1344 666 1373 est
686 1344 786 1373 recta
805 1334 900 1372 ratio
919 1335 1089 1385 impera!
1096 1333 1134 1371 di
1153 1342 1272 1385 atque

141 1390 395 1442 prohibendi:
427 1402 545 1441 quam
572 1390 640 1441 qui
667 1390 831 1440 ignorat,
859 1389 891 1426 is
911 1396 966 1426 est
985 1388 1165 1437 injustus,
1193 1388 1273 1427 sive

143 1453 199 1483 est
231 1445 299 1483 illa
330 1445 469 1496 scripta
501 1444 667 1495 uspiam,
707 1444 785 1482 sive
821 1456 894 1481 nus
896 1455 1027 1505 quam:
1087 1440 1207 1505 Quod
1239 1443 1273 1481 si

138 1499 289 1549 justitia
303 1507 358 1537 oet
373 1499 648 1549 obtemperatio
664 1499 811 1550 scriptis
825 1498 989 1549 legibus,
1010 1497 1273 1549 institutisque

142 1554 390 1605 populorum,
423 1561 459 1591 et
489 1553 520 1590 si
547 1558 607 1594 (ut
636 1553 753 1591 iidem
780 1553 930 1598 dicunt)
954 1551 1120 1590 utilitate
1138 1551 1271 1590 omnia

141 1608 337 1647 metienda
350 1616 466 1651 sunt;
497 1608 665 1659 negliget
684 1608 801 1659 leges,
823 1620 962 1658 easque
980 1614 1218 1658 perrumpet,
1238 1606 1271 1645 si

141 1663 295 1713 poterit,
314 1663 361 1708 is,
383 1663 450 1714 qui
470 1662 541 1701 sibi
557 1675 640 1700 eam
661 1675 741 1700 rem
757 1662 992 1700 fructuosam
1009 1660 1162 1712 putabit
1174 1661 1269 1700 fore.

142 1718 162 1756 1
168 1726 206 1756 ta
225 1717 282 1764 fit,
315 1725 359 1755 ut
378 1717 487 1755 nulla
507 1717 554 1755 sit
572 1717 730 1754 omnino
745 1716 908 1766 justitia,
939 1715 970 1753 si
988 1728 1115 1767 neque
1133 1715 1275 1754 natura

141 1782 210 1818 cst,
233 1780 270 1810 et
289 1785 346 1819 ea,
374 1786 462 1824 quae
481 1779 636 1823 propter
654 1771 861 1810 utilitatem
881 1770 1140 1818 constituitur,
1165 1769 1273 1809 utili-

140 1834 217 1866 tate
235 1827 311 1865 alia
330 1826 567 1865 convellitur.

194 1881 336 1933 Atqui,
367 1881 398 1919 si
429 1881 566 1919 113111τὲ1
592 1881 863 1919 confirmatum
886 1880 952 1929 jus
977 1891 1055 1918 non
1081 1879 1166 1925 erit,
1194 1878 1271 1917 vir·

140 1942 242 1974 tutes
261 1947 394 1974 omnes
413 1936 607 1974 tollentur.
649 1935 730 1973 L'bi
749 1935 851 1974 enim
872 1934 1094 1981 liberalitas,
1114 1933 1182 1972 ubi
1202 1946 1272 1985 pa·

140 1990 224 2028 triae
254 1991 404 2037 caritas,
436 1990 503 2027 ubi
532 1990 667 2041 pietas,
699 1989 768 2028 ubi
800 1997 869 2027 aut
897 1990 995 2027 bene
1021 1987 1196 2026 merendi
1222 1987 1272 2026 de

67 2034 80 2048 ⁸
139 2045 273 2091 altero,
304 2053 372 2083 aut
397 2043 604 2082 referendae
623 2045 770 2096 gratiae,
800 2043 978 2082 voluntas
995 2042 1134 2095 poterit
1153 2042 1273 2081 exsis-

137 2101 249 2138 tere?
280 2112 372 2138 nam
398 2098 479 2137 haec
507 2108 718 2137 nascuntur
742 2112 790 2137 ex
817 2111 876 2142 eo,
897 2097 1003 2150 quod
1020 2096 1157 2135 113111τὲ1
1183 2109 1274 2148 pro-

136 2154 247 2204 pensi
274 2167 410 2192 sumus
440 2153 489 2191 ad
519 2153 734 2205 diligendos
763 2153 966 2196 hominem
996 2150 1100 2204 quod
1131 2150 1272 2189 funda-

137 2216 315 2249 mentum
328 2208 428 2259 juris
443 2215 499 2247 est
513 2223 523 2246 ε
545 2220 671 2260 neque
685 2208 812 2248 solum
826 2207 867 2246 in
881 2206 1058 2246 homines
1071 2205 1270 2257 obsequia,
