1470 2402
195 99 275 138 426
359 98 641 139 SOMNIUM
672 97 973 139 SCIPIONIS.
1002 99 1108 139 CAP.
1128 100 1169 139 8.

190 207 419 247 diuturnam
437 208 597 261 quidem
616 209 780 261 gloriam
802 208 953 260 assequi
971 221 1188 261 possumus.
1217 208 1328 258 Quid

189 271 323 301 autern
337 263 506 311 interest,
527 265 575 302 ab
589 264 636 302 iis
651 264 719 315 qui
732 271 863 315 postea
876 271 1093 311 nascentur,
1110 275 1326 303 sermonem

189 316 271 355 fore
301 317 348 356 de
373 326 425 366 te,
457 330 547 356 cum
573 319 621 356 ab
651 319 697 356 iis
723 318 855 356 nullus
880 317 1010 365 fuerit,
1042 317 1112 370 qui
1137 325 1226 356 ante
1243 319 1327 357 nati

189 371 297 410 sint?
328 372 396 424 qui
426 385 496 410 nec
526 373 736 424 pauciores,
771 380 807 410 et
838 379 937 411 certe
966 373 1143 411 meliores
1167 371 1327 412 fuerunt

190 425 262 464 viri
277 441 286 464 :
319 439 408 465 cum
426 427 638 478 praesertim
658 426 762 478 apud
782 440 844 465 eos
862 427 978 478 ipsos,
998 440 1022 464 a
1040 426 1182 478 quibus
1200 426 1326 466 audiri

190 492 332 519 nomen
352 489 527 519 nostrum
545 488 684 533 potest,
705 493 819 519 nemo
838 481 954 519 unius
979 482 1072 519 anni
1096 481 1325 520 memoriam

190 535 371 587 consequi
400 536 542 587 possit:
574 535 749 574 homines
780 536 883 574 enim
912 535 1148 587 populariter
1176 547 1324 574 annum

187 590 457 628 tantummodo
478 590 580 637 solis,
601 590 641 627 id
657 598 726 637 est,
747 591 863 628 unius
882 590 987 636 astri,
1007 589 1133 627 reditu
1151 590 1324 628 metiun-

187 649 277 681 tur:
303 657 393 682 cum
413 652 543 682 autem
563 643 611 682 ad
630 644 748 691 idem,
769 643 872 682 unde
891 644 1010 682 semel
1029 644 1197 695 profecta
1216 652 1320 693 sunt,

188 707 328 736 cuncta
364 706 465 737 astra
494 698 688 746 redierint,
721 699 974 750 eamdemque
998 698 1116 736 totius
1145 699 1229 737 coeli
1258 699 1325 738 de-

185 752 432 804 scriptionem
447 753 571 804 longis
590 753 799 791 intervallis
819 753 1031 800 retulerint,
1049 760 1134 791 tum
1152 753 1219 791 ille
1237 767 1324 792 vere

189 815 338 846 vertens
368 820 493 846 annus
523 807 710 859 appellari
741 815 888 859 potest:
919 807 960 845 in
990 820 1069 858 quo
1102 807 1168 845 vix
1200 807 1325 847 dicere

189 861 327 909 audeo,
367 875 487 914 quam
528 863 654 900 multa
691 862 830 900 saecula
866 861 1070 900 hominum
1107 869 1321 901 teneantur.

188 915 387 967 Namque,
409 924 452 954 ut
471 917 565 954 olim
591 916 750 955 deficere
769 917 825 954 sol
843 916 1081 963 hominibus,
1109 916 1323 968 exstingui-

185 983 262 1022 que
281 971 384 1008 visus
403 978 472 1017 est,
494 984 584 1009 cum
604 971 768 1010 Romuli
786 971 939 1009 animus
960 971 1042 1009 haec
1061 971 1145 1022 ipsa
1161 971 1202 1009 in
1221 979 1321 1010 tem-

184 1024 250 1075 pla
281 1025 521 1076 penetravit3
562 1025 631 1071 ita,
671 1025 903 1077 quandoque
935 1025 1071 1064 eadem
1107 1032 1216 1076 parte
1248 1026 1319 1074 sol,

183 1078 396 1130 eodemque
415 1088 601 1131 tempore,
618 1079 759 1118 iterum
774 1079 966 1126 defecerit,
987 1087 1087 1126 tum,
1103 1079 1222 1131 signis
1235 1092 1321 1118 om-

183 1132 298 1171 nibus
318 1133 367 1171 ad
391 1133 494 1172 idem
521 1134 770 1185 principium,
802 1134 998 1185 stellisque
1021 1134 1219 1180 revocatis,
1251 1147 1319 1172 ex-

182 1187 333 1239 pletum
355 1200 501 1225 annum
521 1188 671 1226 habeto.
702 1188 836 1237 Hujus
855 1188 1012 1239 quidem
1032 1188 1124 1226 anni
1142 1187 1319 1227 nondum

182 1241 405 1280 vicesimam
423 1250 572 1293 partem
592 1242 684 1280 scito
704 1255 783 1280 esse
800 1255 1034 1280 conversam.
1064 1242 1269 1290 Quocirca,
1285 1243 1319 1281 si

181 1295 351 1334 reditum
377 1297 418 1334 in
445 1297 548 1335 hunc
567 1296 697 1334 locum
716 1296 985 1348 desperaveris,
1012 1297 1054 1334 in
1083 1309 1161 1348 quo
1185 1297 1318 1336 omnia

183 1358 274 1388 sunt
304 1351 456 1402 magnis
487 1358 523 1389 et
548 1351 819 1402 praestantibus
848 1350 963 1395 viris;
999 1350 1135 1402 quanti
1159 1351 1316 1390 tandem

182 1412 239 1443 est
263 1405 336 1443 ista
354 1405 558 1443 hominum
577 1405 712 1456 gloria,
734 1419 822 1457 quae
839 1405 1027 1457 pertinere
1054 1405 1118 1443 vix
1133 1404 1183 1442 ad
1200 1406 1317 1444 unius

180 1459 273 1497 anni
291 1467 440 1510 partem
460 1460 641 1511 exiguam
667 1462 822 1511 potest?
854 1459 982 1511 Igitur
1000 1459 1077 1497 alte
1095 1467 1264 1511 spectare
1282 1459 1315 1498 si

181 1514 298 1560 voles,
329 1522 444 1565 atque
470 1514 569 1553 hanc
598 1514 727 1552 sedem
757 1522 794 1552 et
823 1521 1005 1552 aeternam
1035 1513 1198 1552 domum
1224 1527 1315 1553 con-

178 1568 304 1613 tueri3
336 1581 461 1620 neque
492 1576 528 1607 te
559 1568 798 1607 sermonibus
831 1568 939 1619 vulgi
973 1568 1135 1616 dederis,
1170 1581 1240 1607 nec
1272 1569 1314 1607 in

178 1622 347 1674 praemiis
366 1622 548 1661 humanis
562 1636 669 1674 spem
688 1623 858 1675 posueris
875 1635 1004 1661 rerum
1024 1629 1206 1668 tuarum;
1236 1623 1315 1662 suis

178 1684 231 1725 te,
252 1685 414 1729 oportet,
435 1677 621 1716 illecebris
640 1678 723 1728 ipsa
743 1678 862 1716 virtus
882 1677 1008 1715 trahat
1027 1677 1076 1714 ad
1095 1689 1227 1716 verum
1249 1677 1316 1716 de-

178 1743 259 1769 cus.
290 1731 400 1779 Quid
419 1732 466 1770 de
486 1740 522 1770 te
541 1732 606 1769 alii
624 1732 846 1783 loquantur,
870 1731 945 1783 ipsi
963 1732 1141 1770 videant:
1172 1731 1238 1770 sed
1256 1731 1314 1770 lo-

179 1793 349 1836 quentur
367 1793 508 1825 tamen.
540 1787 674 1825 Sermo
693 1794 823 1824 autem
843 1785 968 1824 omnis
986 1786 1051 1824 ille
1071 1794 1107 1824 et
1127 1786 1314 1837 angustiis

178 1839 346 1890 cingitur
374 1840 420 1878 iis
449 1841 652 1892 regionum
682 1854 779 1892 quas
809 1840 939 1885 vides;
970 1853 1039 1878 nec
1065 1853 1241 1892 unquam
1265 1840 1314 1879 de

177 1893 260 1931 ullo
278 1894 454 1945 perennis
472 1895 571 1941 fuit3
598 1902 635 1933 et
653 1895 828 1934 obruitur
845 1895 1052 1934 hominum
1070 1894 1253 1941 interitu;
1275 1902 1314 1933 et

174 1947 370 1987 oblivione
388 1950 616 2000 posteritatis
635 1949 904 2000 exstinguitur.

234 2002 359 2040 VIII.
391 2003 493 2051 Quae
519 2017 608 2042 cum
634 2004 806 2052 dixisset,
837 2003 926 2056 Ego
951 2016 1054 2051 vero,
1081 2003 1259 2054 inquam,
1286 2016 1311 2042 0

178 2055 379 2105 Africane,
413 2058 444 2095 si
474 2058 633 2109 quidem
661 2060 760 2096 bene
792 2059 937 2097 meritis
967 2058 1015 2096 de
1044 2058 1169 2109 patria
1199 2057 1311 2109 quasi

174 2110 287 2149 limes
306 2111 355 2149 ad
374 2112 457 2149 coeli
482 2112 633 2150 aditum
661 2120 781 2164 patet,
813 2125 1069 2164 quamquam,
1097 2125 1120 2150 a
1146 2110 1313 2163 pueritia

177 2165 345 2216 vestigiis
373 2165 566 2217 ingressus
590 2167 723 2218 patriis
749 2174 787 2205 et
811 2167 902 2216 tuis,
933 2166 1059 2206 decori
1083 2173 1208 2204 vestro
1232 2178 1311 2204 non

171 2217 303 2265 defui;
336 2232 440 2259 nunc
468 2228 612 2270 tamen,
641 2228 748 2261 tanto
770 2222 931 2273 praemio
954 2220 1162 2274 proposito.
1190 2219 1312 2259 enitar

1453 1586 1470 1787 ’,ι’-.-

1432 1858 1470 2269 ΠΒΩΙΓΗ,Η”··
