1470 2402
298 96 378 143 DE
405 95 671 149 OFFICIIS,
703 97 803 138 Lm.
825 98 885 139 11.
916 98 1024 140 Car.
1049 101 1110 139 11.
1190 103 1271 143 269

134 205 280 256 animi,
309 206 408 247 nihil
437 220 658 258 nervorum,
687 216 839 260 putant.
883 208 977 248 Non
1008 209 1112 248 enim
1145 223 1280 251 omnes

139 274 208 301 eos
227 269 496 312 contemnunt,
525 262 573 301 de
596 263 739 315 quibus
764 264 866 302 male
892 263 1138 304 existimant:
1168 278 1276 315 nam,

142 329 241 368 quos
258 316 467 380 improbos,
481 317 701 366 maledicos,
715 317 981 357 fraudulentos
993 326 1149 371 putant,
1171 328 1208 359 et
1226 321 1276 359 ad

141 370 359 409 faciendam
384 371 567 422 injuriam
593 372 810 421 instructos,
838 386 900 412 eos
919 382 1172 412 contemnunt
1191 375 1279 427 qui„

141 424 233 463 (18111
252 425 505 477 neutiquam3
527 426 592 465 sed
607 427 655 465 de
668 427 728 466 his
742 428 844 466 male
859 427 1091 472 existimant.
1122 428 1276 476 Quam-

141 480 290 528 obrem,
323 483 385 524 (ut
413 488 501 519 ante
525 481 624 529 dixi)
645 489 944 520 contemnuntur
962 482 1004 531 11,
1026 482 1094 534 qui
1113 495 1182 523 nec
1202 484 1275 522 sibi

141 546 214 573 nec
231 534 341 574 alteri
360 538 422 579 (ut
439 534 597 586 dicitur)
614 550 626 582 3
656 536 697 574 in
716 537 858 588 quibus
875 536 1008 576 nullus
1021 537 1143 586 labor,
1164 539 1274 578 nulla

141 588 346 637 industria,
366 590 476 628 nulla
494 603 586 629 cura
604 598 672 629 est.

194 644 467 684 Admiratione
491 653 622 684 autem
641 645 860 685 afficiuntur
878 645 920 695 ii,
950 646 1019 698 qui
1037 647 1181 686 anteire
1200 661 1273 686 cae-

138 705 238 738 18105
253 699 393 738 virtute
406 707 608 752 putantur,
638 708 676 739 et
694 714 783 739 cum
802 701 910 740 omni
929 714 1055 740 carere
1074 701 1270 750 dedecore,

137 759 225 792 tum
244 767 332 793 vero
351 754 398 793 iis
416 755 532 804 vitiis,
553 755 695 806 quibus
714 755 780 793 alii
798 769 876 794 non
895 755 1006 794 facile
1025 763 1184 807 possunt
1203 758 1272 795 ob-

137 807 280 847 sistere.
323 809 431 847 Nam
462 816 500 847 et
532 810 761 861 voluptates,
795 809 1055 849 blandissimae
1087 810 1269 859 dominae,

137 864 302 913 majores
316 871 443 915 partes
457 863 577 902 animi
596 878 619 903 a
638 864 778 903 virtute
796 865 1051 916 detorquent3
1083 872 1134 912 et,
1163 865 1271 904 dolo-

136 930 227 956 rum
246 931 336 956 cum
355 918 609 957 admoventur
626 919 740 966 faces,
762 928 899 971 praeter
916 919 1078 957 modum
1097 920 1272 972 plerique

136 980 388 1011 exterrentur.
437 973 546 1021 Vita,
572 987 691 1022 mors,
712 973 869 1021 divitiae,
897 982 1116 1026 paupertas,
1137 987 1270 1014 omnes

134 1026 312 1066 homines
348 1027 681 1067 vehementissime
712 1036 948 1080 permovent.
992 1029 1095 1076 Quae
1126 1029 1195 1080 qui
1229 1030 1269 1068 in

135 1088 342 1134 utramque
370 1089 519 1134 partem
550 1083 699 1121 excelso
728 1084 858 1122 animo
890 1095 1111 1135 magnoque
1143 1083 1270 1135 despi-

132 1135 255 1185 ciunt,
286 1150 454 1189 cumque
479 1137 610 1189 aliqua
633 1138 694 1176 his
719 1138 850 1190 ampla
875 1145 912 1176 et
935 1138 1094 1176 honesta
1119 1151 1178 1176 res
1201 1140 1270 1177 ob-

129 1191 233 1241 jecta
251 1199 320 1240 est,
342 1200 441 1231 totos
459 1192 508 1230 ad
527 1206 566 1231 se
585 1193 770 1231 convertit
788 1200 825 1231 et
840 1192 965 1244 rapit3
987 1199 1072 1231 tum
1088 1192 1175 1244 quis
1190 1205 1268 1232 non

121 1245 345 1290 ,admiretur
363 1247 604 1298 splendorem
623 1247 1029 1299 pulchritudinemque
1048 1247 1200 1285 virtutis
1214 1249 1232 1286 Ρ

188 1301 267 1340 ΧΙ.
297 1301 404 1353 Ergo
430 1309 468 1341 et
485 1302 566 1340 haec
585 1302 705 1340 animi
723 1301 970 1354 despicientia
989 1301 1267 1340 admirabilita-

133 1363 214 1395 tem
231 1369 416 1407 magnam
435 1356 551 1395 facit:
584 1364 621 1395 et
639 1357 811 1395 maxime
826 1356 976 1406 justitia
995 1359 1060 1401 (ex
1080 1357 1160 1409 qua
1185 1357 1266 1396 una

129 1411 272 1450 virtute
297 1411 369 1450 viri
398 1411 491 1451 boni
515 1412 776 1463 appellantur)
804 1411 967 1450 mirifica
996 1411 1176 1474 quaedam
1206 1425 1266 1450 res

130 1465 375 1505 multitudini
389 1465 566 1512 videtui-3
595 1479 665 1505 nec
683 1466 838 1515 injuria.
868 1467 999 1505 Nemo
1015 1465 1119 1504 enim
1135 1466 1265 1515 justus

128 1533 209 1559 esse
232 1528 371 1572 potest,
391 1521 460 1573 qui
478 1528 658 1583 mortem,
678 1520 747 1573 qui
765 1520 951 1583 dolorem,
979 1520 1048 1572 qui
1067 1520 1262 1569 exsilium,

128 1575 199 1627 qui
218 1583 438 1627 egestatem,
465 1575 590 1623 timet,
617 1583 686 1614 aut
711 1575 779 1628 qui
799 1589 856 1623 ea,
878 1589 967 1627 quae
984 1575 1045 1613 his
1065 1582 1156 1613 sunt
1173 1587 1265 1613 con-

128 1629 261 1679 traria,
291 1629 464 1682 aequitati
488 1630 697 1681 anteponit.
747 1630 1004 1681 Maximeque
1023 1629 1264 1667 admirantur

123 1697 235 1733 eum,
265 1684 335 1736 qui
358 1685 522 1737 pecunia
547 1697 626 1723 non
655 1692 858 1731 movetur-3
890 1684 1028 1736 quod'
1016 1697 1058 1722 111
1085 1697 1163 1735 quo
1182 1683 1264 1722 viro

129 1746 373 1791 perspectum
406 1739 468 1786 sit,
508 1739 614 1778 hunc
644 1738 728 1790 igni
761 1746 976 1790 spectatum
1013 1738 1261 1777 arbitrantur.

130 1794 273 1846 Itaque
305 1794 374 1832 illa
406 1793 492 1841 tria,
523 1807 610 1845 quae
643 1793 839 1845 proposita
875 1800 966 1831 sunt
998 1792 1047 1831 ad
1082 1792 1262 1844 gloriam,

128 1849 262 1887 omnia
276 1848 427 1899 justitia
445 1848 621 1895 conficit3
652 1855 690 1887 et
707 1847 1027 1895 benevolentiam,
1052 1847 1157 1899 quod
1175 1860 1264 1899 pro-

126 1903 238 1943 desse
256 1904 341 1942 vult
359 1903 562 1955 plurimis,
551 1916 561 1926 ·
592 1910 644 1952 et,
664 1904 715 1942 ob
734 1902 910 1941 eamdem
926 1915 1095 1949 causam,
1116 1901 1261 1947 fidem3

127 1965 169 1997 et
187 1958 496 2006 admirationem,
517 1957 622 2010 quod
641 1971 702 1996 eas
721 1971 780 1996 res
799 1957 943 2009 spernit
962 1964 1000 1995 et
1016 1956 1192 2008 negligit,
1214 1956 1264 1995 ad

127 2026 226 2066 quas
244 2013 418 2079 plerique
436 2012 668 2051 inflammati
684 2012 865 2053 aviditate
883 2011 1021 2063 rapiun
1010 2019 1098 2049 ,.tur

184 2068 262 2115 Ac,
292 2081 381 2107 mea
399 2067 557 2120 quidem
577 2067 779 2114 sententia,
809 2066 934 2106 omnis
953 2066 1050 2105 ratio
1068 2073 1185 2118 atque
1202 2065 1264 2104 in-

124 2122 275 2169 stitutio
299 2123 388 2161 vitae
406 2122 631 2172 adjumenta
648 2105 854 2166 hominum
879 2121 1093 2166 desiderat3
1122 2121 1163 2159 in
1183 2120 1262 2172 pri-

130 2178 295 2230 misque,
316 2185 360 2216 ut
379 2178 534 2225 habeas,
554 2176 787 2230 quibuscum
806 2176 928 2228 possis
946 2175 1153 2217 familiares
1172 2187 1262 2217 con-

118 2231 227 2280 ferre
246 2245 470 2280 5811110385;
493 2232 598 2288 quod
620 2239 681 2274 est
695 2230 863 2325 (1111181218,
892 2230 967 2324 3isi
991 2230 1156 2284 speciem
1182 2242 1262 2283 prae

844 2298 873 2325 A
