1470 2402
401 396 482 457 M.
503 391 756 452 TULLII
797 385 1212 460 CICERONIS,

774 534 838 563 m:

506 626 1097 698 OFFICIIS,

769 771 833 800 AD

345 869 789 925 MARCUM
852 865 1265 931 FILIUM,

539 994 747 1035 LIBER
783 992 1089 1032 TERTIUS.

734 1141 885 1176 -ψ-

306 1276 340 1317 Ῑ.
372 1277 602 1316 Pumnm
631 1275 863 1327 Scipionem,
898 1272 1035 1312 Marce
1062 1273 1132 1321 fili,
1162 1286 1266 1320 eum,
1301 1274 1372 1327 qui

248 1334 397 1387 primus
431 1330 640 1369 Africanus
683 1328 897 1380 appellatus
930 1334 999 1375 est,
1043 1328 1166 1366 dicere
1197 1328 1370 1377 solitum,

250 1386 399 1439 scripsit
428 1385 538 1431 Cato,
570 1383 638 1434 qui
669 1383 744 1421 fuit
776 1382 855 1420 fere
888 1383 970 1431 ejus
1003 1382 1175 1434 aequalis,
1206 1383 1234 1404 “
1255 1383 1373 1421 Nun-

251 1454 372 1496 quam
400 1453 439 1478 se
465 1438 594 1476 minus
622 1438 787 1476 otiosum
815 1448 907 1484 esse,
937 1449 1056 1487 quam
1084 1449 1173 1474 cum
1201 1436 1370 1484 otiosus3

251 1510 322 1536 nec
341 1495 469 1533 minus
488 1492 627 1539 solum,
666 1503 785 1543 quam
805 1503 894 1528 cum
914 1490 1015 1528 solus
1035 1490 1171 1528 esset.''
1211 1490 1372 1542 Magni-

252 1552 325 1590 fica
356 1560 445 1587 vero
482 1559 571 1592 vox,
609 1553 646 1584 et
680 1557 822 1596 magno
850 1544 931 1582 viro
961 1556 1005 1582 ac
1037 1544 1207 1596 sapiente
1239 1544 1372 1596 digna,

253 1618 341 1658 quae
359 1602 537 1646 declarat,
559 1599 673 1637 illum
701 1607 738 1638 et
763 1599 805 1636 in
830 1598 907 1637 otio
933 1597 980 1636 de
1005 1598 1167 1650 negotiis
1191 1599 1370 1650 cogitare,

253 1667 291 1698 et
326 1658 367 1695 in
401 1654 604 1694 solitudine
636 1665 765 1691 secum
801 1652 909 1703 loqui
945 1652 1128 1698 solitum3
1168 1659 1213 1690 ut
1248 1665 1374 1705 neque

253 1718 411 1752 cessaret
429 1720 618 1759 unquam,
641 1715 678 1746 et
695 1706 890 1744 interdum
906 1706 1096 1758 colloquio
1114 1706 1269 1745 alterius
1293 1719 1372 1746 non

253 1773 390 1819 egeret.
439 1763 578 1814 Itaque
608 1761 695 1799 duae
724 1773 797 1808 res,
829 1773 916 1811 quae
946 1761 1172 1812 languorem
1209 1761 1375 1800 afferunt

251 1819 409 1864 caeteris,
430 1817 543 1855 illum
568 1817 768 1860 acuebant,
795 1814 918 1852 otium
941 1822 979 1853 et
1001 1814 1176 1853 solitudo.
1217 1815 1374 1855 Vellem

251 1874 362 1913 nobis
390 1872 464 1910 hoc
491 1870 595 1908 idem
623 1882 709 1907 vere
738 1868 861 1906 dicere
889 1868 1043 1906 liceret:
1075 1868 1154 1916 sed,
1184 1869 1216 1907 si
1243 1869 1375 1909 minus

251 1926 464 1967 imitatione
482 1931 630 1962 tantam
649 1923 792 1974 ingenii
811 1923 1070 1974 praestantiam
1089 1923 1269 1974 consequi
1286 1937 1374 1975 pos-

251 1994 399 2026 sumus,
420 1979 616 2018 voluntate
635 1985 733 2015 certe
751 1977 927 2028 proxime
944 1977 1169 2016 accedimus.
1210 1977 1317 2015 Nam
1336 1985 1375 2017 et

251 2050 275 2075 a
293 2033 490 2087 republica
509 2031 800 2082 forensibusque
818 2031 993 2082 negotiis,
1026 2031 1143 2069 armis
1168 2031 1298 2082 impiis
1317 2031 1375 2070 vi.

253 2103 343 2142 que,
363 2086 559 2139 prohibiti,
580 2085 702 2124 otium
721 2085 1011 2136 persequimur;
1042 2092 1092 2131 et,
1120 2087 1169 2124 ob
1182 2097 1266 2123 eam
1286 2098 1377 2124 cau-

251 2156 349 2192 sam,
364 2142 472 2180 Urbe
489 2139 634 2188 relicta,
650 2152 740 2177 rura
757 2146 1013 2190 peragrantes,
1027 2151 1127 2190 saepe
1139 2139 1210 2178 soli
1228 2152 1375 2178 sumus.

254 2197 330 2237 Sed
349 2208 418 2236 nec
435 2194 559 2235 otium
578 2193 651 2234 hoc
668 2205 758 2234 cum
779 2192 958 2234 Africani
981 2192 1074 2244 otio,
1093 2204 1164 2234 uec
1185 2192 1267 2234 haec
1286 2194 1376 2234 soli-
