1470 2402
221 130 300 173 DE
329 132 592 184 OFFICIIS,
622 133 723 173 Lm.
745 132 830 172 111.
860 131 967 172 ΟΜ».
989 132 1055 171 30.
1116 130 1198 176 327
1234 178 1236 180 ,

73 238 183 278 nulla
205 239 312 281 fraus
336 249 406 291 est,
425 255 475 283 ne
493 243 524 282 si
539 244 691 294 juratus
709 241 868 294 quidem
886 240 926 279 id
944 252 1023 279 non
1041 239 1199 279 feceris:

74 306 165 332 nam
185 295 309 347 pirata
322 309 400 335 non
415 306 471 336 est
489 311 537 336 ex
551 297 808 359 perduellium
826 308 987 334 numero
1005 294 1201 341 definitus,

73 348 140 387 sed
164 351 381 389 communis
409 352 529 390 hostis
558 352 746 391 omnium.
788 351 891 390 Cum
918 350 992 389 hoc
1016 362 1086 388 nec
1107 348 1202 387 fides

71 402 200 453 debet,
228 417 298 443 nec
313 406 588 456 jusjurandum
613 420 692 445 esse
717 417 933 445 commune.
981 405 1076 443 Non
1096 403 1202 442 enim

71 456 244 496 falsum
229 473 373 509 Jurare,
393 461 587 512 perjurare
606 468 685 499 est:
708 460 788 509 sed,
810 459 915 512 quod
935 472 983 497 ex
1002 458 1123 497 animi
1142 457 1203 496 tui

72 512 259 552 sententia
266 514 421 564 juraris,
442 516 540 554 sicut
557 515 681 554 verbis
701 514 912 566 concipitur
930 526 1037 551 more
1055 520 1201 561 nostro,

72 566 114 604 id
132 580 210 606 non
229 568 366 618 facere,
386 570 601 621 perjurium
621 577 688 609 est.
726 569 827 609 Scite
846 568 950 607 enim
967 566 1174 619 Euripides
1188 581 1200 605 :

129 644 159 666 “
175 643 205 682 J
206 644 315 683 uravi
333 644 484 697 lingua,
504 652 675 684 mentem
693 645 902 695 injuratam
922 643 1054 696 gero.’'

73 721 252 785 Regulus
281 747 370 773 vero
401 747 480 773 non
510 735 643 773 debuit
671 735 903 774 conditiones
933 735 1205 797 pactionesque

72 788 229 827 bellicas
258 797 296 828 et
320 789 475 828 hostiles
501 792 723 841 perturbare
739 790 925 843 perjurio.
967 789 1071 828 Cum
1097 791 1204 839 justo

72 842 178 881 enim
198 850 235 881 et
252 843 426 895 legitimo
443 844 552 882 hoste
570 857 628 883 res
643 838 870 895 gerebatur,
892 843 1070 883 adversus
1085 856 1205 896 quem

73 904 111 936 et
130 905 257 936 totum
272 898 337 947 jus
355 898 501 947 feciale,
529 905 567 937 et
591 899 718 937 multa
742 906 832 937 sunt
845 900 944 960 ‘jura
967 898 1203 937 communia.

75 951 195 999 Quod
213 952 254 990 ni
268 952 323 990 ita
337 960 446 1000 esset,
466 965 670 1005 nunquam
684 953 804 992 claros
818 953 917 992 viros
932 960 1084 992 senatus
1098 953 1207 992 vinc-

74 1013 133 1044 tos
151 1006 325 1045 hostibus
343 1006 560 1045 dedidisset.

129 1060 269 1099 XXX.
298 1060 359 1099 At
387 1074 476 1100 vero
501 1061 552 1100 T.
576 1061 777 1111 Veturius,
807 1069 845 1101 et
870 1062 937 1114 Sp.
962 1061 1203 1111 Postumius,

73 1128 165 1154 cum
182 1115 325 1153 iterum
343 1116 516 1154 consules
539 1124 676 1164 essent,
697 1117 803 1169 quia,
824 1129 914 1156 cum
932 1117 1035 1155 male
1052 1129 1207 1179 pugna-

73 1177 161 1208 tum
178 1169 284 1221 apud
309 1169 506 1209 Caudium
531 1178 640 1219 esset,
661 1171 876 1223 legionibus
895 1171 1033 1210 nostris
1051 1171 1154 1209 sub
1139 1185 1206 1220 Ju-

72 1237 170 1276 gum
194 1224 334 1273 missis,
363 1238 499 1277 pacem
517 1238 608 1264 cum
627 1225 866 1264 Samnitibus
885 1225 1066 1275 fecerant,
1086 1224 1207 1264 dediti

74 1286 165 1317 sunt
189 1278 274 1318 his·
303 1279 454 1329 injussu
473 1280 577 1318 enim
599 1280 735 1332 populi
761 1282 988 1332 senatusque
1012 1279 1205 1318 fecerant:

70 1333 286 1386 eodemque
311 1341 484 1386 tempore
509 1334 574 1373 Ti.
602 1334 825 1384 Numicius,
857 1333 910 1382 Q.
935 1334 1110 1382 Maelius,
1137 1333 1209 1386 qui

73 1395 161 1426 tum
179 1388 326 1426 tribuni
342 1389 466 1440 plebis
484 1396 606 1439 erant,
623 1389 729 1442 quod
743 1402 876 1429 eorum
890 1388 1114 1427 auctoritate
1126 1401 1208 1440 pax

73 1449 155 1481 erat
178 1442 294 1491 facta,
320 1442 441 1482 dediti
466 1451 570 1491 sunt,
596 1451 643 1482 ut
666 1457 745 1496 pax
771 1443 1008 1483 Samnitium
1025 1443 1208 1495 repudia-

74 1504 193 1536 retur.
232 1497 370 1549 Atque
393 1497 512 1547 hujus
538 1497 741 1537 deditionis
766 1498 848 1550 ipse
870 1497 1109 1546 Postumius,
1136 1497 1206 1549 qui

72 1550 298 1600 dedebatur,
319 1564 450 1590 suasor
469 1559 507 1589 et
525 1560 656 1591 auctor
674 1552 774 1591 fuit:
806 1551 911 1604 quod
933 1551 1051 1600 idem,
1071 1551 1209 1590 multis

74 1605 186 1644 annis
205 1612 306 1657 post,
328 1605 374 1644 C.
394 1605 631 1653 Mancinus3
662 1606 744 1657 qui,
765 1613 810 1644 ut
829 1606 1098 1653 Numantinis,
1119 1605 1208 1657 qui-

73 1661 239 1699 buscum
256 1659 337 1698 sine
362 1662 514 1697 senatus
532 1660 755 1699 auctoritate
773 1660 896 1698 foedus
915 1659 1067 1707 fecerat,
1089 1659 1206 1698 dede-

74 1722 194 1763 retur,
214 1713 451 1765 rogationem
470 1714 589 1752 suasit
607 1727 707 1763 eam,
735 1727 854 1766 quam
873 1714 923 1752 L.
944 1714 1087 1752 Furius
1106 1721 1144 1752 et
1161 1714 1206 1753 S.

75 1768 225 1807 Atilius
251 1781 299 1806 ex
327 1768 670 1807 senatus-consulto
699 1768 896 1807 ferebant:
927 1767 1007 1820 qua
1034 1768 1204 1820 accepta,

76 1831 132 1862 est
150 1822 325 1861 hostibus
343 1822 505 1861 deditus.
549 1822 760 1861 Honestius
777 1823 855 1871 hic,
877 1835 997 1874 quam
1015 1822 1068 1870 Q.
1085 1823 1207 1861 Pom-

76 1878 201 1930 peius,
222 1890 300 1929 quo
326 1880 434 1921 (cum
459 1877 500 1914 in
526 1876 661 1915 eadem
687 1877 802 1915 causa
826 1884 938 1925 esset)
964 1877 1206 1928 deprecante,

76 1940 232 1983 accepta
244 1932 309 1970 lex
323 1944 402 1969 non
420 1938 487 1969 est.
536 1931 618 1969 Hic
637 1944 695 1978 ea,
720 1944 808 1982 quae
826 1931 1026 1970 videbatur
1043 1931 1209 1980 utilitas,

77 1987 167 2038 plus
186 1986 321 2034 valuit,
348 1999 468 2037 quam
486 1986 688 2024 honestas:
720 1985 825 2037 apud
849 1985 1074 2038 superiores,
1089 1986 1208 2024 ‘utili-

77 2041 166 2080 tatis
191 2040 333 2093 species
357 2040 454 2079 falsa
478 2042 528 2079 ab
553 2039 762 2079 honestatis
785 2040 1009 2079 auctoritate
1029 2048 1208 2092 superata

79 2103 148 2134 est.

131 2149 193 2188 At
217 2161 296 2188 non
315 2148 449 2189 debuit
472 2157 602 2188 ratum
627 2161 720 2197 esse,
746 2148 852 2202 quod
876 2156 957 2188 erat
982 2156 1112 2188 actum
1137 2162 1207 2201 per

78 2203 171 2242 vim.
214 2204 340 2252 Quasi
363 2217 452 2243 vero
474 2203 565 2243 forti
583 2203 664 2242 viro
683 2203 740 2243 vis
757 2204 877 2256 possit
893 2203 1078 2242 adhiberi.
1125 2204 1209 2243 Cur

78 2258 198 2310 igitur
215 2258 265 2298 ad
283 2266 460 2300 senatum
477 2258 802 2312 proficiscebatur,
821 2271 912 2298 cum
929 2258 1142 2312 praesertim
1159 2257 1210 2297 de
