1470 2402
286 107 365 148 DE
395 109 658 158 OFFICIIS,
681 109 780 148 Lm.
803 109 885 148 ΙΙΙ.
907 109 1014 148 ΟΑΡ.
1035 110 1100 147 24.
1176 108 1250 147 321

133 215 334 256 conabitur
352 226 485 270 pater;
524 218 698 257 silebitne
717 218 818 257 filius
832 220 851 257 Ρ
896 219 1026 256 Immo
1044 231 1133 256 vero
1151 218 1259 255 obse-

131 271 252 310 crabit
271 280 433 323 patrem,
455 285 503 312 ne
521 273 561 310 id
579 273 704 311 faciat.
754 274 796 312 si
825 272 923 310 nihil
942 272 1125 333 proficiet,
1147 285 1257 309 accu-

132 325 258 364 sabit:
290 327 500 365 minabitur
520 327 660 365 etiam.
691 327 740 365 ad
760 335 990 372 extremum,
1013 327 1043 364 si
1063 327 1111 364 ad
1130 326 1258 377 perni-

131 379 229 417 ciem
248 381 382 432 patriae
409 395 467 420 res
493 382 690 434 spectabit,
711 382 844 433 patriae
862 381 1024 419 salutem
1054 388 1259 431 anteponet

133 434 249 471 saluti
267 436 397 486 patris.

183 487 335 536 Quaerit
353 490 483 538 etiam,
498 490 528 528 si
549 490 695 542 sapiens
711 490 943 528 adulterinos
954 502 1136 527 nummos
1154 501 1258 527 acce-

128 543 227 594 perit
245 543 469 596 imprudens
496 558 565 596 pro
594 545 726 589 bonis;
758 557 848 583 cum
880 545 921 582 id
946 543 1124 591 rescierit,
1155 544 1257 581 solu-

128 603 288 636 turusne
306 598 354 636 sit
374 612 450 647 eos,
472 599 502 636 si
522 599 582 637 cui
602 599 751 647 debeat,
779 612 848 650 pro
874 598 983 637 bonis
1000 601 1017 636 Ρ
1058 597 1252 649 Diogenes

127 651 205 689 ait:
235 652 445 705 Antipater
463 661 604 704 negat;
636 654 696 691 cui
720 654 847 705 potius
865 652 1058 691 assentior.
1096 652 1178 700 Qui
1197 652 1254 689 vi-

130 717 228 744 num
246 706 398 758 fugiens
423 707 562 746 vendat
590 708 723 756 sciens,
744 708 929 746 debeatne
958 707 1113 745 dicere?
1161 707 1255 744 Non

129 771 278 799 necesse
296 769 408 812 putat
433 762 650 813 Diogenes:
682 762 890 814 Antipater
914 761 985 799 viri
1007 760 1100 799 boni
1126 760 1256 799 existi-

128 822 223 853 mat.
273 816 371 854 Haec
402 824 491 856 sunt
515 817 625 868 quasi
650 825 888 855 controversa
909 817 998 865 jura
1024 815 1253 854 Stoicorum.

130 869 181 906 In
192 870 392 930 ’mancipio
410 871 623 918 vendendo,
639 871 848 909 dicendane
863 870 968 918 vitia,
990 882 1068 907 non
1087 882 1144 917 ea,
1166 882 1254 921 quae

128 922 203 961 nisi
222 923 377 973 dixeris,
398 925 642 964 redhibeatur
670 925 908 977 mancipium
924 925 1011 976 jure
1030 923 1157 968 civili·
1188 923 1254 962 sed

128 976 224 1026 haec,
245 979 469 1017 mendacem
489 992 581 1026 esse,
603 980 821 1026 aleatorem,
842 979 1027 1025 furacem,
1048 978 1252 1016 ebriosum.

126 1031 256 1070 Alteri
274 1033 435 1072 dicenda
454 1033 645 1079 videntur,
659 1034 767 1072 alteri
778 1046 855 1072 non
874 1033 1064 1071 videntur.
1095 1032 1137 1071 Si
1151 1032 1252 1083 quis,

127 1098 268 1125 aurum
286 1088 468 1136 vendens,
489 1088 722 1126 orichalcum
748 1102 787 1126 se
812 1095 922 1140 putet
946 1087 1122 1134 vendere,
1154 1086 1254 1124 indi-

125 1148 234 1180 cetne
253 1141 287 1180 ei
306 1142 364 1180 vir
382 1144 520 1189 bonus,
541 1156 681 1180 aurum
700 1142 798 1180 illud
818 1155 909 1189 esse,
931 1154 981 1179 an
1007 1148 1109 1179 emat
1135 1140 1253 1179 dena-

124 1195 196 1244 rio,
217 1196 323 1248 quod
342 1197 390 1235 sit
408 1196 516 1235 mille
534 1197 766 1236 denarium?
813 1196 1065 1248 Perspicuum
1082 1196 1165 1244 jam
1180 1204 1249 1243 est,

125 1257 164 1287 et
192 1250 287 1302 quid
305 1251 403 1289 mihi
429 1251 615 1313 videatur,
637 1260 674 1290 et
692 1265 780 1303 quae
799 1251 848 1289 sit
872 1250 971 1289 inter
997 1263 1059 1289 eos
1084 1249 1253 1301 philoso-

125 1304 238 1356 phos,
258 1318 354 1357 quos
374 1306 585 1354 nominavi,
606 1306 869 1345 controversia.

178 1359 285 1398 XXI
292 1360 340 1398 V.
370 1361 489 1399 Pacta
503 1368 541 1399 et
554 1361 740 1413 promissa
755 1372 954 1412 semperne
966 1359 1150 1398 servanda
1161 1359 1252 1408 sint,

123 1427 213 1465 quae
232 1427 301 1453 nec
321 1415 359 1452 vi
377 1427 447 1454 nec
465 1415 554 1453 dolo
578 1415 682 1454 malo
702 1418 764 1459 (ut
789 1423 969 1467 praetores
994 1414 1132 1461 solent)
1153 1414 1254 1452 facta

125 1468 235 1507 sint?
275 1469 318 1508 Si
348 1469 435 1521 quis
466 1469 792 1508 medicamentum
818 1469 987 1520 cuipiam
1023 1468 1169 1506 dederit
1201 1469 1252 1506 ad

124 1535 270 1574 aquam
306 1523 548 1571 intercutem,
586 1524 864 1576 pepigeritque,
903 1535 951 1561 ne
980 1523 1048 1561 illo
1084 1522 1251 1560 medica

125 1584 258 1615 mento
276 1590 452 1629 unquam
476 1586 607 1629 postea
631 1586 826 1623 uteretur;
857 1578 889 1616 si
907 1590 951 1616 eo
968 1575 1251 1615 medicamento

125 1644 241 1670 sanus
260 1632 383 1670 factus
400 1632 529 1680 fuerit,
551 1640 588 1670 et
613 1632 723 1671 annis
748 1632 896 1684 aliquot
914 1639 1000 1683 post
1018 1630 1221 1669 inciderit
1210 1643 1252 1669 m

125 1685 307 1725 eumdem
336 1688 532 1735 morbum,
571 1699 641 1725 nec
674 1688 722 1725 ab
753 1700 810 1733 eo,
846 1688 1008 1738 quicum
1038 1685 1250 1736 pepigerat,

125 1740 318 1792 impetret,
348 1748 393 1778 ut
424 1741 565 1779 iterum
595 1754 639 1780 eo
667 1741 778 1779 liceat
806 1742 878 1789 uti,
909 1740 1003 1791 quid
1030 1740 1251 1778 faciendum

125 1795 202 1834 sit?
232 1796 335 1834 Cum
364 1795 412 1834 sit
439 1795 471 1833 is
498 1795 748 1843 inhumanus,
776 1795 844 1848 qui
869 1807 947 1833 non
973 1793 1153 1833 concedat
1177 1795 1250 1844 uti,

125 1862 196 1888 nec
221 1850 256 1888 ei
282 1850 496 1902 quidquam
521 1850 588 1888 fiat
612 1849 778 1900 injuriae,
800 1849 887 1888 vitae
912 1856 950 1887 et
975 1848 1090 1887 saluti
1115 1861 1251 1888 consu-

123 1904 297 1943 lendum.

179 1959 320 2008 Quid?
350 1959 382 1997 si
407 1960 493 2011 quis
518 1959 668 2012 sapiens
692 1966 848 2011 rogatus
866 1957 915 1997 sit
933 1960 982 1997 ab
1002 1971 1046 1996 eo
1071 1958 1140 2010 qui
1159 1972 1249 1998 eum

125 2014 318 2053 haeredem
332 2013 460 2062 faciat,
481 2027 570 2053 cum
590 2014 624 2053 ei
643 2021 869 2052 testamento
887 2013 1102 2051 sestertium
1113 2013 1253 2052 millies

121 2069 375 2121 relinquatur,
396 2076 442 2107 ut
466 2076 568 2115 ante,
589 2081 709 2120 quam
733 2067 996 2107 haereditatem
1018 2067 1143 2115 adeat,
1163 2068 1250 2107 luce

118 2124 250 2174 palam
274 2123 316 2161 in
342 2123 425 2162 foro
450 2123 574 2172 saltet,
594 2123 712 2175 idque
736 2136 775 2161 se
803 2122 997 2161 facturum
1015 2122 1247 2173 promiserit,

122 2177 228 2228 quod
246 2178 357 2216 aliter
375 2191 465 2216 eum
490 2178 682 2217 haeredem
708 2177 917 2230 scripturus
943 2176 1008 2215 ille
1027 2189 1104 2215 non
1124 2186 1246 2221 esset;

119 2232 248 2280 faciat,
268 2232 374 2284 quod
392 2232 621 2285 promiserit..
642 2236 793 2272 necne?
826 2231 1049 2270 Promisisse
1074 2231 1216 2271 nollem
1232 2245 1244 2277 ς
