1470 2402
149 122 230 160 442
467 123 721 166 TIMAEUs.
752 124 862 166 CAP.
894 127 956 165 12.

147 231 304 290 mortali
327 243 559 284 generentur
583 236 814 285 conditione,
834 249 902 275 vos
927 234 1121 288 suscipite,
1147 239 1193 272 ut
1208 232 1279 272 illa

148 286 330 335 gignatis,
365 288 650 342 imiteminique
680 291 761 329 vim
792 303 937 339 meam,
970 291 1051 342 qua
1078 289 1120 327 in
1153 294 1278 326 vestro

147 348 235 376 ortu
255 352 319 379 me
337 355 452 381 usum
481 357 563 382 esse
581 345 834 383 meministis:
865 345 906 383 in
924 345 1067 397 quibus
1085 342 1155 395 qui
1181 341 1277 380 tales

148 403 338 444 creantur,
371 405 414 436 ut
448 397 625 436 Deorum
657 399 938 438 immortalium
971 397 1084 451 quasi
1115 395 1278 449 gentiles

148 460 229 486 esse
247 449 425 499 debeant,
446 451 567 491 divini
581 454 729 505 generis
748 454 1016 506 appellentur:
1046 458 1279 503 teneantque

147 504 326 543 omnium
340 507 598 545 animantium
617 508 877 560 principatum
892 522 905 554 ς
934 507 1120 559 vobisque
1134 506 1222 556 jure
1240 511 1280 542 et

147 556 233 607 lege
252 560 420 599 volentes
439 571 598 613 pareant
614 577 624 600 :
656 576 824 615 quorum
838 562 946 601 vobis
962 562 1120 600 initium
1138 566 1279 598 stauis-

150 625 227 663 que
249 614 414 653 traditur
439 629 461 653 a
480 629 568 655 me:
600 630 666 655 vos
688 626 834 665 autem,
854 616 904 655 ad
922 615 963 654 id
987 615 1094 669 quod
1111 614 1183 654 erit
1199 613 1278 651 im-

147 668 324 716 mortale,
356 678 507 721 partem
538 672 736 710 attexitote
768 671 983 710 mortalem.
1015 671 1079 709 Ita
1107 669 1280 708 orientur

149 720 379 771 animantes,
411 738 507 776 quos
537 734 575 764 et
601 727 706 765 vivos
728 726 855 776 alatis,
883 733 921 765 et
944 731 1165 765 consumtus
1189 722 1278 762 sinu

147 777 381 828 recipiatis.''
420 779 519 818 Haec
537 780 605 819 ille
624 781 736 819 dixit,

168 884 176 892 .
203 831 307 870 XII.
337 832 551 872 Deindead
571 835 888 887 temperationem
900 833 1136 888 superiorem
1153 844 1284 871 rever-

149 892 223 923 tit:
254 885 295 923 in
315 888 394 939 qua
423 901 579 928 omnem
604 891 782 928 animum
800 890 988 929 universae
1015 896 1163 926 naturae
1181 893 1283 925 tem·

148 953 288 991 perans
313 943 581 993 permiscebat,
601 945 884 997 superiorisque
908 941 1176 996 permixtionis
1193 941 1284 980 reli-

151 995 261 1046 quias
272 995 439 1036 fundens
453 1000 645 1050 aequabat,
663 999 797 1038 eodem
811 998 927 1037 modo
941 998 1076 1046 ferme,
1092 996 1166 1035 nisi
1177 994 1283 1048 quod

151 1060 229 1087 non
247 1050 302 1087 ita
319 1051 573 1104 incorruptas,
593 1061 638 1091 ut
656 1067 715 1103 ea,
735 1067 824 1106 quae
841 1066 992 1105 semper
1009 1051 1113 1090 idem
1130 1065 1141 1089 ε
1173 1049 1240 1089 sed
1258 1062 1282 1088 a

152 1102 243 1142 Diis
263 1105 474 1145 secundum
495 1109 685 1153 sumebat,
706 1116 824 1160 atque
842 1108 1011 1146 tertium.
1042 1106 1146 1144 Toto
1164 1104 1284 1156 igimr

152 1158 312 1197 omnino
330 1161 551 1210 constituto,
573 1162 761 1201 sideribus
775 1175 908 1215 parem
927 1173 1135 1200 numerum
1153 1158 1284 1197 distri-

151 1213 239 1251 buit
272 1214 521 1262 animorunu
552 1224 589 1254 et
621 1217 794 1268 singulos
818 1216 998 1267 adjunxit
1019 1215 1069 1253 ad
1099 1212 1281 1265 singultu

155 1275 273 1319 atque
305 1268 359 1306 ita
390 1270 501 1320 quasi
530 1270 570 1308 in
602 1284 759 1309 currum
782 1270 1039 1309 universitatis
1068 1267 1280 1320 imposuit;

153 1324 544 1376 commonstravitque
562 1325 665 1376 leges
678 1325 815 1364 fatales
827 1338 871 1364 ac
882 1323 1109 1362 necessarias
1124 1336 1138 1369 ;
1167 1330 1206 1361 et
1220 1334 1281 1360 os-

153 1375 279 1414 tendit
295 1377 468 1428 primum
486 1386 616 1416 ortum
643 1392 768 1418 unum
793 1379 874 1418 fore
891 1378 1087 1425 omnibus,
1115 1388 1284 1428 eumque

150 1430 397 1469 moderatum
426 1440 543 1484 atque
562 1442 814 1479 constantem,
835 1446 905 1472 nec
929 1434 978 1472 ab
997 1432 1079 1470 ullo
1096 1431 1285 1469 imminu-

155 1492 266 1523 tum:
297 1486 389 1524 satis
408 1495 540 1525 autem
571 1499 609 1526 et
628 1488 740 1540 quasi
760 1488 898 1540 sparsis
923 1486 1077 1534 animis,
1107 1485 1204 1534 fore,
1223 1485 1284 1523 uti

153 1540 265 1578 certis
296 1548 517 1592 temporum
550 1541 761 1581 intervallis
791 1542 954 1581 oriretur
985 1540 1145 1588 animal,
1178 1538 1285 1592 quod

155 1602 252 1632 esset
270 1594 320 1632 ad
338 1595 488 1634 culmm
510 1595 686 1635 Deorum
704 1597 964 1649 aptissimum.
992 1595 1084 1642 Sed,
1102 1607 1190 1634 cum
1210 1593 1284 1632 du-

154 1648 247 1699 plex
280 1658 377 1687 esset
407 1658 546 1688 natura
573 1651 722 1702 generis
749 1651 928 1695 humani,
948 1650 1002 1689 sic
1020 1663 1060 1688 se
1088 1662 1147 1688 ιδ
1166 1648 1285 1686 habe-

155 1704 266 1750 bant,
287 1711 331 1741 ut
355 1705 601 1755 praestantius
626 1718 748 1757 genus
770 1713 867 1745 oeset
892 1718 1040 1752 eorum,
1071 1703 1141 1756 qui
1159 1709 1283 1741 &ent

155 1756 279 1795 futuri
297 1758 380 1795 viri„
411 1758 517 1797 Cum
536 1767 666 1798 autem
686 1760 825 1798 animis
839 1772 997 1811 corpora
1014 1771 1105 1797 cum
1123 1756 1285 1796 necessi-

154 1818 233 1849 tate
250 1812 459 1861 insevisset,
479 1826 648 1866 cumque
666 1814 716 1852 ad
735 1827 892 1866 corpora
912 1812 1174 1864 [necessitate]
1199 1818 1286 1849 tum

155 1866 316 1904 accessio
346 1866 466 1913 fieret,
492 1875 578 1906 tum
597 1869 809 1914 abscaesio3
836 1881 987 1907 necesse
1014 1875 1109 1914 erat,
1129 1877 1286 1904 sensum

159 1920 339 1958 exsisteoe
370 1933 495 1960 unum
523 1935 850 1976 communemque
873 1922 1051 1961 omnium
1080 1920 1287 1960 vehemen-

154 1973 251 2012 tiore
271 1983 380 2013 motu
399 1976 623 2024 excitatum,
646 1978 973 2029 conjunctumque
987 1984 1157 2014 naturae:
1178 1973 1289 2012 dein-

156 2026 206 2066 de
231 2028 428 2080 voluptate
463 2038 501 2068 et
537 2031 714 2069 molestia
748 2031 919 2070 mixtum
956 2042 1126 2068 amorem
1143 2043 1156 2074 ;
1185 2034 1287 2080 post,

156 2081 272 2130 iram,
303 2091 341 2121 et
370 2092 536 2130 metum,
557 2092 595 2123 et
625 2085 792 2138 reliquos
809 2093 939 2124 motus
955 2084 1105 2131 enimi,
1130 2081 1289 2122 comites

155 2137 413 2187 superiorum,
429 2146 467 2176 et
484 2138 545 2176 his
556 2139 673 2177 etiam
685 2139 893 2178 contrarios
906 2138 1158 2182 dissidentoe;
1188 2148 1288 2188 quos

156 2190 226 2240 qui
244 2191 392 2229 ratione
416 2193 571 2241 rexerit,
599 2195 704 2244 juste
733 2194 898 2239 vixerit3
929 2193 999 2245 qui
1016 2200 1148 2231 autem
1165 2190 1228 2229 his
1246 2202 1288 2227 se

155 2242 358 2294 dediderit,
387 2245 543 2296 injuste.
572 2250 710 2300 Atque
734 2248 817 2298 ille,
842 2247 912 2300 qui
939 2253 1040 2286 recte
1065 2253 1108 2286 ά
1130 2245 1290 2285 honeste
