1470 2402
545 88 959 130 PHAENOMENA.
1159 135 1163 138 Δ
1236 86 1312 126 451

183 198 347 249 Propter
365 198 563 250 Aquarius
578 200 785 237 obscurum
805 198 942 237 dextra
959 197 1058 249 rigat
1077 208 1252 248 amnem,

176 251 340 303 *Exiguo
361 255 430 305 qui
449 254 647 292 stellarum
666 253 829 291 candore
847 252 1008 291 nitescit.

181 306 218 345 E
238 306 372 346 multis
391 318 520 346 tamen
538 307 600 345 his
619 306 696 345 duo
715 308 791 345 late
810 307 961 345 lumina
979 306 1130 357 fulgent
1147 321 1158 344 z
1232 306 1310 351 175

180 361 318 399 Unum
339 364 410 400 sub
429 361 580 413 magnis
599 360 760 412 pedibus
780 369 953 399 cernetur
975 362 1139 412 Aquari.

179 414 299 462 Quod
318 423 503 468 superest,
524 415 651 466 gelido
669 415 870 466 delapsum
889 415 1050 453 flumine
1067 414 1200 462 fontis,

181 468 413 520 Spiniferam
434 472 564 508 subter
582 469 744 507 caudam
766 470 935 507 Pistricis
954 468 1140 507 adhaesit:

180 522 235 561 Et
255 531 386 562 tenues
406 524 524 562 stellae
543 523 792 575 perhibentur
810 524 966 562 nomine
988 521 1158 575 [aquai]

181 577 263 615 Hic
282 578 367 616 aliae
385 579 547 616 volitant
563 590 682 628 parvo
696 590 786 615 cum
805 578 954 616 lumine
974 578 1099 623 clarae,
1227 576 1304 615 180

179 631 312 683 Atque
330 632 456 684 priora
473 632 618 684 pedum
636 633 803 670 subeunt
821 632 980 683 vestigia
997 630 1131 682 magni

179 685 450 734 Arcitenentis,
471 695 507 725 et
526 687 694 724 obscurae
713 686 793 724 sine
812 686 967 724 nomine
987 685 1138 723 cedunt.

180 739 280 779 Inde
299 740 426 792 Nepae
444 753 572 779 cernes
590 748 744 792 propter
762 740 946 790 fulgentis
967 752 1128 778 acumen

180 795 322 841 Aram,
343 807 462 846 quam
481 794 576 832 flatu
595 794 807 845 permulcet
826 794 982 845 spiritus
1001 794 1153 841 Austri,

180 848 339 900 Exiguo
358 851 541 901 superum
560 862 647 900 quae
665 848 802 886 limina
819 856 990 900 tempore
1009 856 1134 886 tranat
1155 863 1166 886 z
1228 848 1303 887 185

179 903 287 941 Nam
306 904 440 955 procul
459 903 626 941 Arcturo
645 910 699 940 est
721 902 880 941 adversa
898 912 1006 954 parte
1024 902 1147 941 locata
1165 917 1176 940 :

177 957 348 996 Arcturo
366 970 556 1008 magnum
575 957 696 1008 spatio
715 970 831 1008 supra
849 956 955 995 dedit
973 958 1106 995 orbem

177 1011 336 1063 Jupiter
351 1026 362 1050 :
393 1012 498 1050 hunc
516 1023 680 1063 parvum
699 1010 877 1049 inferiore
895 1011 936 1048 in
954 1019 1062 1062 parte
1079 1010 1231 1048 locavit.

181 1065 263 1104 Hic
281 1073 426 1114 tamen,
446 1073 587 1105 aeterno
606 1064 772 1103 invisens
791 1065 875 1103 loca
893 1064 1096 1111 curriculo,
1118 1077 1196 1102 nox

178 1120 298 1171 Signa
316 1120 421 1158 dedit
439 1119 581 1165 nautis,
601 1119 729 1157 cuncti
748 1132 835 1170 quae
853 1131 1005 1157 noscere
1022 1126 1191 1169 possent,
1225 1119 1303 1157 190

176 1173 462 1213 Commiserans
478 1173 684 1213 hominum
702 1173 928 1212 metuendos
947 1173 1120 1224 undique
1138 1185 1257 1211 casus.

178 1228 300 1277 Nam,
321 1241 411 1267 cum
429 1228 643 1279 fulgentem
662 1239 791 1266 cernes
811 1227 892 1266 sine
909 1227 1078 1265 nubibus
1098 1227 1188 1265 atris

175 1283 302 1322 Aram
322 1284 395 1321 sub
413 1282 542 1321 media
559 1281 644 1320 coeli
661 1281 812 1333 regione
830 1282 1010 1329 locatam,

175 1338 213 1375 A
232 1335 386 1376 summa
404 1345 512 1389 parte
530 1336 692 1375 obscura
711 1336 872 1387 caligine
890 1344 1044 1380 tectam,

174 1391 285 1442 Tum
302 1392 439 1431 validis
457 1390 581 1442 fugito
599 1390 772 1429 devitans
790 1390 934 1429 viribus
951 1391 1144 1429 Austrum
1159 1405 1170 1428 :
1223 1391 1302 1429 195

176 1445 308 1494 Quem
328 1446 362 1484 si
378 1445 609 1498 prospiciens
628 1444 818 1492 vitaveris,
839 1444 969 1483 omnia
987 1452 1097 1483 caute

176 1501 433 1539 Armamenta
449 1499 593 1544 locans,
613 1507 697 1537 tuto
714 1499 843 1537 labere
861 1512 928 1550 per
946 1498 1082 1537 undas.

177 1555 246 1595 Sin
265 1554 391 1606 gravis
409 1553 583 1592 inciderit
601 1552 816 1592 vehementi
837 1553 992 1591 flamine
1005 1561 1156 1602 ventus,

176 1609 394 1660 Perfringet
411 1608 528 1647 celsos
546 1607 673 1646 defixo
691 1608 825 1645 robore
843 1607 991 1653 malos;

173 1664 232 1703 Ut
248 1676 307 1702 res
326 1663 435 1701 nulla
452 1661 551 1700 feras
568 1661 687 1714 possit
705 1661 872 1699 mulcere
890 1661 1089 1712 procellas,
1219 1663 1299 1700 200

175 1718 234 1757 Ni
252 1724 360 1770 parte
378 1730 427 1756 ex
445 1716 650 1769 Aquilonis
668 1728 827 1767 opacam
846 1716 986 1767 pellere
1004 1717 1151 1755 nubem

176 1772 359 1825 Coeperit,
380 1778 418 1810 et
435 1770 570 1810 subitis
588 1769 690 1808 auris
709 1769 903 1808 diduxerit
920 1770 1016 1809 Ara.

176 1828 247 1868 Sin
265 1827 446 1865 humeros
463 1824 591 1863 medio
605 1824 647 1862 in
665 1824 758 1863 coelo
777 1823 992 1863 Centaurus
1005 1824 1176 1873 habebit,

176 1883 346 1934 Ipseque
363 1879 527 1920 coerulea
545 1886 739 1918 contectus
757 1879 860 1916 nube
877 1877 1032 1927 feretur,

176 1937 311 1988 Atque
328 1934 450 1973 Aram
468 1933 576 1973 tenui
593 1933 762 1984 caligans
780 1932 912 1972 vestiet
930 1933 1085 1982 umbra,
1220 1934 1300 1972 205

176 1990 247 2030 Ad
265 1990 464 2042 signorum
481 1988 631 2028 obitum
643 1987 700 2026 vis
719 1994 775 2026 est
792 1987 997 2026 metuenda
1015 1988 1048 2026 F
1051 1987 1179 2028 avoni.

177 2045 254 2085 Ine
271 2052 401 2083 autem
421 2043 653 2091 Centaurus,
673 2041 714 2080 in
733 2041 811 2080 alta
830 2041 915 2080 sede
933 2042 1093 2093 locatus,

178 2099 273 2149 Qu‘a
291 2111 372 2138 sese
390 2098 491 2136 claro
510 2097 700 2136 collucens
718 2096 894 2146 Scorpius
912 2096 1041 2143 infert,

181 2155 282 2194 Haec
296 2155 440 2202 subter,
458 2160 609 2204 partem
626 2157 861 2204 praeportans
878 2150 959 2202 ipse
974 2150 1140 2199 virilem,

179 2208 307 2257 Cedit,
327 2207 417 2261 equi
435 2213 562 2260 partoe
579 2218 789 2259 properans
808 2206 1037 2258 conjungere
1056 2206 1202 2248 Chelis.
1223 2209 1304 2249 210
