1470 2402
338 100 417 140 DE
447 99 747 149 AMICITIA,
769 99 876 140 CAP.
896 100 936 139 6.
1114 101 1198 146 373

64 213 165 253 inter
182 223 316 251 omnes
334 218 430 250 esset
448 210 604 250 societas
616 210 820 263 quaedam:
850 209 975 260 major
989 216 1134 257 autem,
1150 219 1197 250 ut

65 267 230 321 quisque
265 266 442 318 proxime
471 265 688 304 accederet:
731 265 862 316 itaque
899 264 998 303 cives
1029 266 1195 316 potiores

63 335 182 374 quam
207 320 430 373 'peregrini3
473 328 511 359 et
533 320 755 372 propinqui,
780 332 900 371 quam
930 319 1071 357 alieni:
1104 333 1194 359 cum

63 377 125 420 his
137 376 241 416 enim
260 375 469 414 amicitiam
490 382 627 412 natura
646 375 729 426 ipsa
747 373 906 425 peperit.
956 372 1032 413 Sed
1052 387 1095 413 ea
1114 387 1193 413 non

64 432 155 471 satis
173 431 290 469 habet
308 429 525 468 firmitatis:
557 441 726 480 namque
744 428 816 467 hoc
842 436 998 480 praestat
1024 429 1196 467 amicitia

62 484 357 539 propinquitati,
392 483 496 536 quod
527 496 575 522 ex
612 483 898 535 propinquitate
929 484 1197 529 benevolentia

62 540 147 580 tolli
175 546 312 591 potest,
346 552 394 577 ex
425 539 595 577 amicitia
618 550 694 576 non
727 545 875 589 potest:
907 537 1059 576 sublata
1089 538 1194 577 enim

61 594 342 641 benevolentia,
362 593 541 632 amicitiae
559 605 698 631 nomen
715 593 876 639 tollitur,
896 592 1197 644 propinquitatis

62 656 206 688 manet.
237 648 399 696 Quanta
417 655 546 686 autem
567 648 623 686 vis
642 647 818 685 amicitiae
841 647 903 694 sit,
924 660 972 685 ex
991 646 1063 685 hoc
1082 647 1196 686 intel-

59 704 129 756 ligi
154 703 326 742 maxime
343 710 482 755 potest,
503 702 621 754 quod,
650 715 696 740 ex
717 701 867 740 infinita
887 701 1063 740 societate
1075 700 1193 753 g'ene-

64 759 116 798 ris
134 757 312 806 humani,
326 770 445 810 quam
465 756 678 796 conciliavit
692 757 776 808 ipsa
787 763 938 803 natura,
955 756 1008 794 ita
1023 764 1194 794 contrac-

64 820 106 852 ta
123 826 182 852 res
202 820 272 860 est,
293 819 330 851 et
348 812 514 850 adducta
541 812 580 849 in
600 820 825 863 angustum,
849 818 894 849 ut
913 810 1038 849 omnis
1057 811 1194 850 caritas

62 875 130 907 aut
148 867 248 906 inter
266 867 376 914 duos,
397 874 465 905 aut
478 866 576 904 inter
594 879 750 917 paucOS,
768 867 1007 916 jungeretur.

113 922 192 960 VI.
222 921 295 960 Est
310 928 441 960 autem
460 920 629 959 amicitia
648 920 745 958 nihil
771 920 892 967 aliud,
914 919 988 958 nisi
1013 919 1192 959 omniurn

58 977 278 1016 divinarum
296 976 635 1027 humanarumque
650 988 794 1021 rerum,
816 987 905 1013 cum
925 975 1193 1014 benevolentia

57 1039 94 1071 et
109 1032 277 1079 caritate,
298 1043 452 1070 summa
467 1030 661 1068 consensio
678 1044 688 1067 ε
719 1030 797 1081 qua
810 1029 967 1081 quidem
981 1028 1085 1067 haud
1100 1029 1193 1078 scio,

59 1099 125 1132 an,
146 1085 305 1138 excepta
325 1084 524 1136 sapientia,
545 1084 760 1136 quidquam
776 1084 915 1122 melius
933 1083 1083 1122 homini
1102 1083 1151 1122 sit
1169 1097 1194 1122 a

57 1140 146 1180 Diis
163 1140 447 1178 immortalibus
466 1138 614 1177 datum.
664 1138 830 1177 Divitias
857 1138 922 1176 alii
941 1145 1188 1190 praeponunt,

60 1197 201 1235 bonam
223 1194 289 1233 alii
306 1193 582 1242 valetudinem,
600 1193 666 1232 alii
684 1192 912 1244 potentiam,
930 1192 996 1231 alii
1010 1193 1191 1241 honores,

60 1249 177 1289 multi
195 1250 312 1288 etiam
331 1249 557 1300 voluptates.
606 1247 837 1286 Benuarum
856 1247 929 1286 hoc
944 1247 1103 1299 quidem
1123 1261 1192 1286 ex-

59 1311 229 1344 tremum
249 1311 329 1342 est:
359 1303 427 1341 illa
445 1310 575 1341 autem
594 1302 803 1354 superiora,
824 1302 967 1341 caduca
983 1310 1018 1341 et
1031 1302 1192 1351 incerta,

59 1359 184 1412 posita
202 1370 280 1397 non
299 1365 379 1396 tam
398 1357 439 1396 in
467 1358 605 1396 nostris
623 1357 804 1404 consiliis,
825 1369 944 1409 quam
964 1356 1004 1394 in
1024 1357 1194 1395 fortunae

57 1413 282 1453 temeritate.
326 1411 409 1460 Qui
438 1420 568 1450 autem
594 1412 636 1450 in
661 1411 802 1450 virtute
821 1424 1022 1450 summum
1042 1412 1191 1449 bonum

52 1474 218 1521 ponunt,
238 1467 418 1520 praeclare
441 1467 501 1505 illi
529 1467 716 1518 quidem:
749 1465 814 1504 sed
844 1465 927 1504 haec
956 1465 1039 1516 ipsa
1070 1465 1195 1504 virtus

60 1522 270 1562 amicitiam
303 1528 340 1560 et
365 1521 503 1572 gignit,
525 1528 563 1560 et
593 1521 791 1567 continet3
821 1532 905 1569 nec,
933 1519 1015 1558 sine
1032 1518 1192 1569 virtute,

63 1576 235 1616 amicitia
253 1589 332 1615 esse
349 1576 431 1614 ullo
449 1583 560 1627 pacto
578 1583 713 1627 potest.

111 1631 206 1670 Jam
232 1630 415 1668 virtutem
442 1643 489 1668 ex
515 1629 789 1668 consuetudine
818 1629 906 1668 vitae
929 1628 1196 1681 sermonisque

57 1685 178 1726 nostri
210 1685 529 1736 interpretemur;
577 1696 647 1722 nec
678 1697 778 1731 eam,
812 1691 857 1721 ut
885 1683 1045 1735 quidam
1072 1682 1191 1731 docti,

58 1743 265 1780 verborum
294 1738 581 1790 magnificentia
608 1739 840 1777 metiamur:
872 1738 1049 1790 virosque
1070 1738 1194 1777 bonos

60 1809 137 1843 eos,
170 1794 239 1847 qui
269 1793 476 1840 habentur,
509 1805 772 1839 numeremus,
808 1792 968 1840 Paulos,
1007 1791 1190 1840 Catones,

59 1849 209 1897 Gallos,
231 1848 441 1900 Scipiones,
462 1846 608 1886 Philos.
656 1847 732 1886 His
751 1847 969 1886 communis
995 1846 1075 1884 m’ta
1101 1858 1194 1884 con-

55 1912 163 1944 tenta
187 1910 270 1942 estz
302 1915 364 1941 eos
391 1909 522 1940 autem
548 1901 786 1946 omittamus,
808 1900 876 1953 qui
906 1900 1065 1940 omnino
1098 1913 1194 1939 nus-

56 1971 176 2012 quam
195 1956 450 2009 reperiuntur.
497 1955 615 1994 Tales
632 1956 751 2008 igitur
776 1956 875 1994 inter
900 1956 1000 1994 viros
1023 1955 1197 1994 amicitia

56 2021 183 2052 tantas
202 2010 506 2064 opportunitates
524 2011 654 2059 habet,
670 2017 835 2064 quantas
854 2009 920 2048 vix
939 2023 1039 2061 queo
1053 2009 1192 2048 dicere.

113 2066 324 2118 Principio,
351 2065 414 2104 cui
444 2072 569 2116 potest
594 2079 673 2104 esse
705 2068 733 2089 “
752 2065 830 2104 vita
858 2064 1011 2103 vitalis''
1047 2067 1110 2108 (ut
1138 2063 1194 2103 ait

56 2121 244 2169 Ennius),
265 2119 334 2173 qui
352 2131 430 2158 non
448 2120 489 2158 in
516 2119 630 2158 amici
647 2120 787 2158 mutua
805 2118 1073 2158 benevolentia
1101 2130 1194 2157 con-

57 2176 229 2229 quiescat
244 2176 262 2214 ?
292 2173 402 2223 Quid
419 2173 585 2221 dulcius,
605 2188 725 2227 quam
743 2175 900 2220 habere,
928 2174 1090 2225 quicum
1106 2185 1192 2211 om-

58 2231 124 2271 nia
148 2229 289 2269 audeas
317 2228 369 2268 sic
396 2228 519 2281 loqui,
539 2236 584 2269 ut
613 2231 774 2270 tecum?
805 2227 907 2276 Quis
936 2234 1033 2268 esset
1061 2234 1196 2268 tantus

99 2285 292 2334 (Philos.)
315 2294 422 2325 voL.
445 2294 509 2323 IV.
774 2285 800 2322 2
822 2294 851 2322 x
