1470 2402
110 86 188 125 128
414 80 493 121 DE
523 79 698 130 FATO,
729 79 836 121 CAP.
856 82 923 120 20.

108 195 244 233 obrem
267 189 486 229 naturalem
513 189 574 229 sui
595 189 775 242 ponderis
799 196 952 228 motum
977 201 1056 228 non
1081 195 1240 231 teneret.

111 248 189 295 Ita,
210 258 300 285 cum
320 244 509 284 attulisset
526 245 678 282 nullam
697 257 869 292 causam,
886 257 974 295 quae
991 243 1107 282 istam
1120 244 1242 283 deeli-

111 301 308 340 nationem
329 298 491 338 efficeret
504 313 516 345 ;
546 308 677 338 tamen
689 298 837 351 aliquid
848 298 922 337 sibi
935 297 1061 337 dicere
1074 298 1240 348 videm,

112 369 205 395 cum
222 354 264 392 id
282 354 398 402 dicat,
420 353 525 405 quod
544 353 721 392 omnium
746 360 895 392 mentes
909 352 1187 404 adspernentur
1199 366 1245 392 ac

113 416 307 462 respuant.
338 409 424 446 Nec
443 421 531 446 vero
550 409 757 459 quisquam
772 407 896 459 magis
910 407 1135 446 confirmare
1146 407 1246 446 mihi

115 465 281 512 videtur,
297 475 375 501 non
394 462 509 500 modo
529 462 670 510 fatum,
691 475 826 500 verum
852 462 969 500 etiam
983 462 1246 501 necessitatem

116 527 155 559 et
180 518 260 557 vim
287 517 463 556 omnium
494 530 637 562 rerum,
667 516 942 578 sustulisseque
968 524 1098 555 motus
1124 516 1246 555 animi

118 572 368 618 voluntarios
389 583 509 623 quam
533 571 610 618 hic,
631 571 701 622 qui
718 571 829 609 aliter
852 571 1033 610 obsistere
1050 570 1131 610 fato
1148 571 1247 611 fate-

118 635 183 667 tur
202 640 241 666 se
258 638 337 664 non
355 625 537 677 potuisse,
557 625 632 663 nisi
657 625 707 663 ad
731 625 801 664 has
827 625 1112 664 commenticias
1130 625 1246 664 decli-

118 682 292 720 nationes
318 679 562 731 confugisset.
603 680 727 728 Nam,
755 687 799 718 ut
825 687 949 718 essent
973 680 1107 728 atomi,
1132 683 1246 732 (quas

120 735 280 788 quidem
299 747 392 783 esse,
413 734 511 772 mihi
530 734 684 786 probari
697 734 806 772 nullo
827 733 944 772 modo
958 742 1099 785 potoet)
1115 742 1246 774 tamen

120 789 392 829 declinationes
410 789 493 827 istae
511 801 715 840 nunquam
735 788 1028 840 explicarentur.
1072 788 1196 839 Nam,
1216 789 1249 828 si

121 844 274 891 atomis,
295 851 340 881 ut
369 843 554 894 gravitate
581 843 766 891 ferantur,
792 843 984 881 tributum
1009 850 1066 882 est
1091 845 1253 883 11600551-

122 907 200 937 tate
219 906 381 945 naturae‚
398 897 504 949 quod
517 910 632 936 omne
647 897 813 949 pondus,
826 898 935 936 nulla
947 911 988 936 re
1000 897 1250 950 impediente,

122 961 323 992 moveatur
342 960 379 990 et
390 951 534 990 feratur
545 965 694 991 necesse
708 960 787 990 aet·
776 981 789 997 ‚
818 952 917 990 illud
932 965 1087 1004 quoque
1101 965 1251 992 11606556

123 1016 193 1055 est,
214 1007 404 1045 declinare
423 1007 657 1058 quibusdam
677 1007 830 1056 atomis,
851 1006 925 1058 vel,
947 1007 978 1046 si
996 1007 1147 1058 volunt,
1166 1021 1250 1048 ome

121 1063 238 1102 nibus
255 1061 479 1101 naturaliter
498 1061 520 1082 ’
543 1061 565 1082 ·
589 1061 610 1081 ·

534 1138 591 1175 M
592 1138 672 1175 ulta
695 1138 843 1175 desunt.
