1470 2402
376 118 454 160 DE
483 118 843 170 SENECTUTE,
873 120 979 160 Cn.
1004 120 1065 159 11.
1202 121 1281 160 :345

164 239 294 267 senem
318 240 398 268 esse
420 228 593 278 mallem,
623 241 742 281 quam
771 242 850 268 esse
874 241 1003 268 senem
1028 237 1131 278 ante,
1160 241 1281 290 quani

163 294 298 321 essem.
331 283 470 335 Itaque
487 296 602 323 nemo
621 284 747 323 adhuc
765 284 964 322 convenire
981 296 1045 322 me
1063 284 1286 331 voluit,cu1

164 336 305 375 fuerim
323 346 539 389 occupatus.

219 391 280 429 At
306 392 434 430 minus
460 392 582 431 habeo
607 391 762 439 virium,
790 404 909 444 quam
936 395 1103 431 vestrum
1129 391 1284 430 utervis.

167 444 232 483 Ne
250 458 316 484 vos
335 446 491 497 quidem
510 446 560 484 T.
583 446 713 484 Pontii
738 446 967 485 centurionis
994 446 1090 485 vires
1108 446 1281 485 habetis:

166 510 263 537 num
288 500 426 538 idcirco
451 509 507 539 est
528 501 593 538 ille
618 500 878 552 praestantior.
869 503 885 528 ⁹
927 500 1144 539 Moderatio
1169 500 1286 538 modo

165 553 306 592 virium
334 554 446 602 adsit,
477 562 515 593 et
541 562 708 602 tantum,
738 563 927 606 quantum
954 563 1091 606 potest,
1123 555 1286 606 quisque

166 607 333 646 nitatur:
364 621 425 647 nae
449 609 514 647 ille
539 621 616 647 non
641 622 783 660 magno
809 609 992 648 desiderio
1017 610 1207 647 tenebitur
1230 609 1286 646 vi-

163 662 279 700 rium.
314 662 511 715 Olympiae
528 677 597 715 per
614 664 809 701 stadium'
799 676 990 715 ingressus
1009 676 1088 702 esse
1107 663 1210 701 Milo
1227 662 1288 700 di-

165 715 278 765 citur,
300 729 388 755 cum
406 718 578 756 humeris
596 718 796 756 sustineret
814 719 951 756 bovem
965 717 1110 755 vivum.
1142 718 1287 756 Utrum

166 769 285 821 igitur
303 771 372 810 has
391 772 569 823 corporis,
589 785 638 810 an
660 772 890 824 Pythagorae
908 771 978 810 tibi
991 772 1103 810 malis
1117 771 1214 809 vires
1227 771 1288 808 in-

167 825 271 875 genii
298 825 412 864 dari?
453 826 633 887 Denique
660 827 732 865 isto
757 829 857 865 bono
885 834 1006 873 utare,
1036 825 1132 864 dum
1160 825 1285 872 adsit,

168 891 258 917 cum
276 880 387 927 absit,
409 893 457 918 ne
475 883 671 933 requiras3
702 881 775 919 nisi
800 881 896 919 forte
919 880 1173 918 adolescentes
1191 892 1289 932 pue-

166 932 309 982 ritiam,
338 935 501 996 paulum
529 944 639 973 aetate
665 935 852 987 progressi
880 934 1187 981 adolescentiam,
1222 933 1289 972 de-

168 987 284 1026 beant
300 988 502 1040 requirere.
538 989 683 1027 Cursus
702 997 757 1027 est
776 998 899 1027 certus
919 989 1052 1037 aetatis,
1074 996 1111 1026 et
1129 1001 1209 1026 una
1227 987 1290 1026 via

166 1049 328 1090 naturae,
349 1056 469 1094 eaque
487 1043 675 1094 simplex:
706 1056 851 1095 suaque
879 1043 1017 1094 cuique
1042 1042 1142 1094 parti
1168 1042 1290 1081 aetatis

166 1097 439 1148 tempestivitas
457 1105 513 1135 est
530 1098 644 1143 data3
669 1105 713 1135 ut
732 1106 769 1135 et
786 1097 989 1135 infirmitas
1007 1108 1230 1149 puerorum,
1252 1103 1290 1135 et

164 1149 338 1189 ferocitas
353 1152 557 1201 juvenum,
579 1159 616 1190 et
634 1152 799 1203 gravitas
821 1153 905 1202 jam
925 1151 1131 1189 constantis
1151 1150 1286 1199 aetatis,

165 1212 204 1243 et
233 1205 435 1244 senectutis
468 1206 683 1267 maturitas,
715 1206 889 1244 naturale
919 1205 1106 1258 quiddam
1133 1204 1287 1254 habeat,

163 1259 269 1311 quod
287 1272 356 1298 suo
375 1268 546 1312 tempore
563 1260 707 1312 percipi
726 1260 872 1298 debeat.

217 1314 400 1352 Arbitror
430 1322 469 1353 te
498 1315 644 1363 audire,
676 1314 818 1366 Scipio,
851 1314 988 1366 hospes
1022 1321 1114 1353 tuus
1146 1313 1288 1362 avitus,

161 1365 384 1429 Masinissa,
405 1382 492 1420 quae
510 1369 624 1407 faciat
638 1369 765 1417 hodie,
785 1370 996 1430 nonaginta
1015 1381 1137 1406 annos
1154 1376 1287 1406 natus·

162 1434 253 1461 cum
284 1422 474 1474 ingressus
501 1423 573 1461 iter
599 1423 761 1476 pedibus
794 1423 856 1471 sit,
888 1425 930 1461 in
958 1436 1103 1474 equum
1131 1422 1290 1461 omnino

161 1488 240 1514 non
259 1477 506 1523 adscendere3
531 1491 621 1516 cum
636 1491 749 1529 equo,
766 1491 814 1516 ex
829 1491 928 1529 equo
942 1490 1021 1515 non
1039 1476 1289 1521 descendere;

161 1530 271 1569 nullo
294 1531 431 1578 imbre,
458 1532 567 1570 nullo
593 1532 734 1583 frigore
761 1532 914 1579 adduci,
940 1539 985 1569 ut
1011 1532 1134 1582 capite
1159 1538 1292 1581 operto

163 1583 238 1630 sit;
269 1598 464 1623 summam
482 1586 523 1623 in
543 1598 587 1624 eo
607 1599 686 1624 esse
708 1586 874 1637 corporis
899 1585 1131 1631 siccitatem3
1160 1585 1292 1636 itaque

164 1640 322 1691 exsequi
340 1639 471 1678 omnia
488 1640 588 1691 regis
606 1639 730 1678 officia
748 1647 786 1677 et
803 1652 976 1677 munera.
1022 1639 1154 1677 Potaet
1172 1638 1292 1689 igitur

166 1694 383 1732 exercitatio
403 1702 440 1731 et
465 1694 731 1745 temperantia,
759 1693 875 1732 etiam
900 1693 941 1731 in
968 1701 1174 1740 senectute,
1202 1704 1293 1731 con-

167 1760 315 1786 servare
333 1748 481 1799 aliquid
498 1748 650 1799 pristini
668 1748 824 1786 roboris.

220 1802 300 1840 XI.
330 1803 424 1841 Non
442 1810 532 1840 sunt
550 1802 591 1839 in
611 1809 802 1840 senectute
820 1801 941 1840 vires
931 1803 949 1829 ⁹
978 1813 1028 1839 ne
1045 1801 1292 1852 postulantur

169 1856 327 1907 quidem
346 1857 443 1895 vires
461 1870 484 1894 a
503 1864 705 1894 senectute.
746 1855 868 1907 Ergo,
890 1863 928 1893 et
950 1856 1101 1907 legibus
1126 1863 1164 1894 et
1183 1855 1293 1893 insti-

168 1911 276 1960 tutis,
296 1919 404 1949 vacat
423 1918 513 1949 aetas
531 1918 660 1948 nostra
678 1910 932 1948 muneribus
922 1910 982 1957 iis,
1004 1923 1092 1961 quae
1109 1922 1187 1948 non
1205 1922 1294 1961 pos-

169 1973 260 2003 sunt
277 1965 358 2003 sine
377 1965 520 2003 viribus
546 1964 746 2003 sustineri·
777 1964 907 2016 itaque
933 1976 1011 2002 non
1037 1964 1166 2013 modo,
1187 1963 1294 2015 quod

169 2031 247 2057 non
269 2032 487 2071 possumus,
509 2018 575 2058 sed
599 2031 648 2057 ne
674 2026 865 2070 quantum
889 2031 1093 2070 possumus
1119 2018 1292 2071 quidem,

171 2085 356 2124 cogimur.

193 2156 196 2159 -
223 2129 283 2166 At
300 2128 354 2166 ita
371 2128 488 2166 multi
506 2135 595 2166 sunt
612 2127 797 2166 imbecilli
815 2140 936 2176 senes,
953 2135 997 2166 ut
1010 2127 1166 2166 nullum
1180 2126 1296 2165 officii

168 2189 239 2220 aut
256 2182 414 2221 omnino
431 2183 520 2221 vitae
537 2194 682 2220 munus
700 2182 859 2234 exsequi
876 2189 1048 2234 possunt.
1077 2182 1137 2221 At
1153 2181 1194 2219 id
1209 2181 1296 2233 qui-

172 2236 262 2275 dem
286 2249 364 2276 non
388 2237 588 2291 proprium
613 2236 816 2276 senectutis
841 2245 898 2276 est
922 2236 1077 2286 vitium,
1104 2236 1170 2275 sed
1192 2249 1297 2275 com-
