1470 2402
173 84 226 124 80
280 82 359 124 DE
378 81 797 136 DIVINATIONE,
817 84 918 125 ιω.
931 83 992 124 11.
1013 83 1119 126 cir.
1132 85 1200 126 35.

172 191 408 243 Respondet,
439 194 468 217 ‘⁴
487 193 676 233 Audivi.”
715 193 796 233 Hic
821 193 926 246 apud
951 194 1113 243 ma50rae
1138 201 1285 236 nostros

171 246 422 285 adhibebatur
438 248 594 298 peritus,
614 260 717 286 nunc
742 249 913 299 quilibet.
953 248 1128 286 Peritum
1152 257 1282 289 autem

170 313 249 338 esse
267 313 415 339 necesse
433 308 488 339 est
507 314 609 350 eum,
631 302 711 353 qui,
736 302 930 340 silentium
949 301 1042 352 quid
1061 302 1121 349 sit,
1140 301 1282 341 intelli-

168 361 259 404 gat:
295 354 335 392 id
359 355 461 393 enim
487 356 680 394 silentium
705 356 865 394 dicimus
892 356 933 393 in
960 355 1148 406 auspiciis,
1176 357 1280 407 quod

167 407 275 445 omni
303 408 393 446 vitio
423 417 532 447 caret.
578 409 665 447 Hoc
691 409 913 460 intelligere,
942 409 1096 460 perfecti
1123 410 1279 460 auguris

166 468 233 498 est.
265 461 331 499 Illi
349 470 491 509 autem,
512 463 580 514 qui
597 463 637 500 in
657 463 868 514 auspicium
887 462 1101 510 adhibetur,
1122 476 1210 501 cum
1223 463 1279 503 ita

164 513 367 565 imperavit
389 516 434 564 is,
462 516 530 567 qui
554 517 783 567 auspicatur,
812 519 840 539 ‘⁶
859 516 1002 564 Dicito,
1024 516 1055 554 si
1082 516 1277 556 silentium

163 580 243 606 esse
261 568 448 607 videbitur
461 571 503 615 ;''
532 583 600 608 nec
620 571 787 621 suspicit,
807 583 876 609 nec
894 570 1170 621 circumspicit:
1201 579 1277 610 sta-

162 621 233 659 tim
260 623 473 673 respondet,
502 626 529 646 ‘⁶
545 624 739 662 silentium
765 638 842 662 esse
860 624 1019 662 videri.''
1061 623 1168 662 Tum
1193 625 1274 674 ille,

163 676 192 697 “
208 675 352 724 Dicito,
381 677 412 715 si
436 686 644 727 pascuntur
666 679 793 716 avcs.’'
833 680 860 701 “
877 678 1133 715 Pascuntur.”
1173 678 1276 725 Quae

161 741 248 767 aves
263 732 280 767 Ρ
309 738 389 777 aut,
410 731 505 768 ubi?
544 731 707 778 Attulit,
728 731 866 782 inquit,
887 732 927 769 in
952 731 1065 769 cavea
1083 731 1209 782 pullos
1225 732 1273 780 is,

161 783 229 833 qui
249 796 296 820 ex
315 796 358 822 eo
376 784 458 834 ipso
477 785 696 823 nominatur
713 785 910 836 pullarius.
950 785 1028 822 Hae
1052 793 1142 823 sunt
1157 785 1276 837 igitur

159 848 246 874 aves
265 837 506 875 internuntiae
525 839 553 876 J
556 839 660 883 ovis;
691 852 777 890 quae
794 846 1009 890 pascantur,
1029 851 1160 886 necne,
1180 839 1276 890 quid

158 889 273 927 refert
284 893 301 928 Ρ
330 891 442 928 Nihil
456 891 504 929 ad
519 893 704 943 auspicia:
733 893 811 937 sed,
827 893 930 943 quia,
947 905 1036 930 cum
1050 900 1273 943 pascuntur,

158 955 306 982 necesse
331 952 399 991 est,
426 945 572 996 aliquid
597 959 643 984 cx
668 959 731 984 ore
753 947 897 993 cadere,
918 954 954 984 et
972 953 1110 984 terram
1129 946 1272 997 pavire,

157 999 416 1047 terripavium
439 999 578 1050 primo,
606 1008 691 1051 post
716 1002 991 1050 terripudium,
1019 999 1164 1038 dictum
1189 1007 1270 1038 est:

155 1049 228 1088 hoc
248 1052 403 1102 quidem
419 1054 501 1102 jam
521 1055 739 1103 tripudium
758 1054 906 1091 dicitur.
940 1054 1042 1092 Cum
1061 1053 1178 1104 igitur
1195 1053 1273 1092 offa

154 1104 289 1143 cecidit
304 1119 350 1143 ex
366 1119 429 1144 ore
443 1107 554 1157 pulli,
570 1115 655 1146 tum
674 1107 883 1159 auspicanti
897 1108 1116 1158 tripudium
1130 1108 1272 1145 solisti-

154 1170 265 1196 mum
284 1168 474 1198 nuntiant.

208 1212 388 1251 XXXV.
421 1214 529 1265 Ergo
560 1215 632 1254 hoc
663 1214 876 1266 auspicium
907 1213 1027 1253 divini
1055 1213 1268 1266 quidquam

152 1265 293 1304 habere
317 1276 454 1317 potest,
475 1268 579 1320 quod
604 1277 684 1308 tam
702 1269 750 1307 sit
767 1277 940 1307 coactum
959 1276 996 1307 et
1015 1281 1234 1319 expressum
1248 1271 1268 1307 ?

153 1332 231 1370 quo
250 1321 531 1372 antiquissimos
550 1336 712 1374 augures
730 1335 807 1361 non
827 1335 904 1361 esse
922 1335 1022 1371 usos,
1043 1329 1268 1372 argumento

152 1380 222 1419 est,
243 1374 347 1424 quod
369 1375 558 1414 decretum
587 1376 736 1428 collegii
761 1384 868 1415 vetus
892 1376 1092 1424 habemus,
1111 1388 1266 1414 omnem

151 1439 262 1465 avem
288 1429 500 1479 tripudium
526 1430 647 1469 facere
669 1443 787 1482 posse.
822 1430 930 1467 Tum
948 1430 1065 1480 igitur
1084 1437 1178 1467 esset
1197 1442 1266 1468 au-

149 1480 326 1531 spicium,
361 1483 393 1520 si
425 1484 540 1522 modo
572 1485 606 1522 ei
634 1491 728 1523 esset
755 1484 919 1522 liberum
950 1497 989 1522 se
1029 1483 1234 1521 ostendisse
1251 1497 1261 1521 τ

148 1540 235 1572 tum
254 1536 332 1574 avis
350 1537 417 1574 illa
435 1537 554 1576 videri
571 1547 696 1589 posset
713 1538 896 1589 interpres
914 1544 951 1575 et
977 1537 1123 1575 satelles
1141 1536 1170 1574 J
1173 1536 1264 1574 ovis.

147 1587 191 1626 N
193 1601 268 1627 unc
292 1602 394 1637 vero,
421 1591 567 1630 inclusa
591 1592 632 1630 in
659 1592 785 1639 cavea,
814 1599 851 1630 et
871 1590 974 1629 fame
995 1597 1138 1637 enecta,
1166 1590 1198 1628 si
1221 1590 1263 1628 in

145 1641 263 1680 offam
282 1644 400 1694 pultis
417 1645 577 1693 invadit,
598 1653 635 1683 et
658 1646 690 1683 si
714 1645 860 1697 aliquid
877 1658 925 1683 ex
943 1657 1006 1682 ore
1025 1644 1170 1691 cecidit,
1190 1644 1264 1682 hoc

144 1702 188 1732 tu
207 1697 435 1748 auspicium,
456 1707 523 1737 aut
540 1699 612 1737 hoc
630 1699 745 1737 modo
764 1699 980 1737 Romulum
999 1698 1184 1749 auspicari
1202 1710 1262 1735 so-

142 1748 273 1799 litum,
294 1760 406 1802 putas
420 1755 438 1791 ?
468 1752 498 1790 J
499 1766 563 1790 am
582 1751 629 1790 de
647 1753 739 1791 coelo
758 1765 903 1791 servare
921 1764 998 1789 non
1016 1751 1116 1803 ipsos
1134 1763 1262 1789 censes

142 1803 285 1851 solitos,
306 1805 374 1856 qui
388 1806 682 1858 auspicabantur
691 1809 720 1852 ἓ,
738 1807 780 1845 N
782 1819 858 1845 unc
871 1806 1061 1857 imperant
1073 1805 1259 1857 pullarioz

140 1855 208 1894 ille
226 1859 430 1898 renuntiat.

196 1909 364 1950 Fulmen
392 1913 589 1952 sinistrum
615 1913 828 1966 auspicium
855 1912 1045 1965 optimum
1073 1912 1260 1951 habemus

141 1963 191 2001 ad
209 1977 341 2004 omnes
360 1980 431 2015 τω,
451 1975 705 2020 praeterquam
719 1968 769 2006 ad
783 1967 956 2006 comitia:
982 1966 1086 2019 quod
1100 1965 1258 2018 quidem

140 2016 360 2058 institutum
386 2022 603 2072 reipublicae
628 2022 742 2060 causa
766 2029 835 2069 est,
854 2028 899 2059 ut
921 2020 1176 2067 comitiorum,
1196 2019 1258 2057 vel

137 2069 180 2107 in
196 2071 350 2120 judiciis
369 2075 517 2126 populi,
538 2076 598 2114 vel
616 2075 656 2113 in
671 2077 758 2125 jure
775 2076 922 2127 legum,
943 2075 1003 2113 vel
1020 2074 1062 2112 in
1087 2072 1258 2112 creandis

138 2125 436 2176 magistratibus,
457 2128 645 2179 principes
664 2129 825 2167 civitatis
844 2135 967 2168 aesent
984 2128 1217 2179 interpretes.

192 2178 266 2230 At,
295 2179 360 2221 Ti.
381 2181 544 2224 Gracchi
569 2182 701 2234 literiS,
729 2182 857 2237 Scipio
882 2189 921 2223 et
947 2182 1125 2234 Figulus,
1152 2178 1256 2234 quod
