1470 2402
272 76 351 117 DE
381 77 645 128 OFFICIIS,
667 77 768 116 LIB.
790 75 873 116 III.
895 74 1001 114 CAP.
1026 74 1089 113 19.
1164 71 1245 109 315

118 191 298 232 nestum,
287 199 297 210 ·
329 199 464 225 verum
482 187 555 225 hoc
574 186 743 247 expedit,
747 185 774 203 ’⁹
787 198 846 223 1ae
861 197 884 222 a
901 180 1039 221 natura
1053 180 1250 232 copulatas

122 239 279 278 audebit
297 254 420 280 errore
435 241 639 287 divellere;
670 240 740 302 qui
757 239 843 278 fons
862 246 918 277 est
935 236 1147 285 fraudium,
1166 247 1251 272 ma-

122 293 349 343 leficiorum,
370 295 555 334 scelerum
574 295 763 333 omnium.

178 347 299 386 XIX.
331 350 484 401 Itaque,
513 350 545 387 si
574 349 631 387 vir
654 351 779 387 bonus
799 348 940 386 habeat
957 346 1057 384 hanc
1076 344 1171 392 vim,
1192 326 1251 389 ut,

124 401 157 439 si
190 401 319 453 digitis
352 404 626 455 concrepuerit,
646 403 765 455 possit
791 403 833 441 in
860 400 1111 452 locupletium
1140 404 1254 435 testa-

125 464 257 494 menta
276 470 417 496 nomen
437 459 518 507 ejus
538 458 715 509 irrepere,
735 457 808 496 hac
829 456 868 495 vi
885 468 963 493 non
982 461 1128 499 utatur,
1156 464 1205 489 ne
1224 450 1256 489 si

128 510 372 561 exploratum
403 512 563 573 quidem
599 513 753 561 habeat,
787 511 829 549 id
865 509 1024 549 omnino
1060 506 1256 546 neminem

127 576 304 616 unquam
343 566 639 618 suspicaturum.
688 571 762 627 At,
801 565 909 603 dares
945 564 1045 601 hanc
1081 561 1160 600 vim
1192 559 1255 598 M.

128 617 280 667 Crasso,
301 627 346 658 ut
371 620 580 686 digitorum
599 621 838 673 percussione
858 619 978 657 haeres
997 624 1122 669 posset
1141 614 1259 665 scrip-

126 679 190 710 tus
210 686 302 722 esse,
325 675 393 726 qui
418 688 458 713 re
477 688 566 713 vera
585 688 662 714 non
683 682 777 713 esset
795 674 940 712 haeres·
930 701 942 718 ‚
972 672 1013 709 in
1038 671 1120 709 foro
1144 667 1259 713 (mihi

128 726 256 775 crede)
289 730 454 767 saltaret.
505 729 638 768 Homo
672 736 802 767 autem
828 730 970 789 justus,
1005 726 1114 777 isque
1140 735 1258 784 quem

128 782 314 821 sentimus
343 783 471 821 virum
497 785 660 831 bonum,
681 783 780 822 nihil
806 783 1003 834 cuiquam,
1025 778 1162 841 quod
1153 791 1194 815 m
1222 790 1261 815 se

129 836 346 897 transferat,
368 838 552 876 detrahet.
597 838 685 876 Hoc
705 837 773 890 qui
792 837 1017 882 admiratur,
1038 835 1070 871 is
1090 846 1142 879 50,
1164 831 1260 884 quid

130 890 179 928 sit
195 890 252 928 vir
271 893 408 954 bonus,
430 893 572 931 nescire
584 892 759 931 fateatur.
789 893 849 929 At
861 903 965 939 vero,
981 889 1013 927 si
1028 887 1113 940 quis
1128 888 1260 925 volue-

131 944 182 982 rit
200 945 320 983 animi
334 947 395 985 sui
413 947 681 998 complicatam
701 945 897 984 notionem
917 945 1102 990 evolvere,
1120 942 1202 990 jam
1223 953 1262 981 se

131 998 213 1051 ipse
232 999 378 1048 doceat,
400 1014 489 1039 eum
510 1001 637 1040 virum
652 1003 799 1039 bonum
820 1013 913 1047 esse,
935 998 1003 1050 qui
1021 996 1154 1049 prosit,
1176 994 1264 1060 qui-

130 1054 204 1091 bus
233 1055 380 1107 possit·
368 1084 380 1101 ,
423 1063 558 1094 noceat
587 1055 748 1103 nemini,
781 1054 856 1092 nisi
882 1052 1078 1091 lacessitus
1108 1049 1265 1100 injuria.

134 1107 243 1155 Quid
263 1111 384 1160 ergo?
413 1109 476 1147 hic
494 1122 572 1148 non
597 1117 744 1158 noceat,
773 1108 841 1161 qui
868 1107 1034 1159 quodam
1064 1104 1174 1157 quasi
1200 1116 1265 1142 ve-

131 1174 233 1200 neno
265 1163 449 1224 perficiat,
471 1171 516 1203 ut
545 1177 651 1203 veros
679 1164 848 1202 haeredes
873 1168 1039 1208 moveat,
1060 1160 1101 1198 in
1131 1170 1265 1197 eorum

133 1216 264 1254 locum
296 1217 377 1269 ipse
408 1218 616 1257 succedat?
665 1219 759 1256 Non
792 1217 910 1268 igitur
947 1215 1076 1263 faciat,
1109 1212 1267 1257 <dixerit

135 1270 239 1322 quis)
259 1272 365 1332 quod
390 1273 485 1311 utile
514 1273 576 1321 sit,
598 1272 703 1324 quod
722 1271 932 1323 expediat?
974 1270 1105 1307 Immo
1125 1266 1267 1305 intelli-

133 1333 214 1386 gat,
235 1325 333 1364 nihil
352 1340 422 1365 nec
441 1327 634 1389 expedire,
664 1340 735 1365 nec
758 1326 853 1364 utile
879 1338 973 1372 esse,
1001 1323 1106 1384 quod
1135 1322 1183 1360 sit
1208 1321 1268 1358 in-

130 1380 296 1441 justum.
345 1380 435 1420 Hoc
461 1382 530 1433 qui
553 1394 632 1420 11011
658 1381 846 1429 didicerit,
866 1381 992 1418 bonus
1010 1378 1068 1416 vir
1093 1389 1172 1416 esse
1190 1388 1268 1414 non

134 1434 288 1485 poterit.

192 1488 409 1528 Fimbriam
428 1491 682 1539 consularem,
703 1489 906 1528 audiebam
937 1487 985 1525 de
1002 1492 1110 1539 patre
1137 1490 1269 1524 nostro

136 1555 247 1594 puer,
275 1543 448 1593 judicem
479 1545 542 1583 Μ.
582 1544 741 1583 Lutatio
775 1542 944 1582 Pinthiae
979 1541 1111 1588 fuisse,
1151 1538 1273 1590 equiti

140 1596 322 1635 Romano
346 1610 436 1636 sane
467 1598 642 1646 honesto,
670 1611 761 1636 cum
785 1598 818 1635 15
845 1596 1087 1648 sponsionem
1106 1593 1269 1641 fecisset,

142 1652 170 1673 ‘⁴
191 1651 233 1688 ni
252 1653 376 1690 bonus
402 1653 459 1690 vir
478 1660 600 1691 esset:
607 1653 631 1670 ”
661 1652 792 1704 itaque
817 1651 852 1689 ei
875 1650 1016 1688 dixisse
1041 1647 1272 1695 Fimbriam,

141 1718 180 1744 se
199 1705 309 1743 illam
328 1719 411 1744 rem
429 1719 632 1758 nunquam
660 1706 953 1757 judicaturum;
981 1717 1031 1742 ne
1049 1710 1117 1741 aut
1136 1701 1276 1753 spolia-

141 1766 200 1798 ret
217 1759 324 1798 fama
349 1762 556 1812 probatum
581 1761 794 1808 hominem,
824 1759 856 1797 si
881 1766 1014 1797 contra
1036 1757 1271 1807 judicasset·
1259 1783 1272 1802 ‚

143 1821 213 1853 aut
232 1815 407 1853 statuisse
425 1815 629 1862 videretur,
656 1814 784 1852 virum
808 1815 958 1853 bonum
982 1812 1152 1863 aliquem
1179 1822 1273 1857 esse,

145 1880 235 1908 cum
256 1882 300 1907 ea
318 1882 377 1907 res
402 1869 749 1908 innumerabilibus
774 1867 906 1907 officiis
932 1874 970 1906 et
986 1865 1168 1904 laudibus
1186 1876 1277 1902 con-

144 1922 342 1961 tineretur.
390 1924 499 1963 Huic
536 1923 654 1975 igitur
685 1923 767 1961 viro
799 1924 915 1971 bono,
950 1933 1067 1973 quem
1102 1917 1278 1958 Fimbria

147 1976 280 2025 etiam,
312 1990 390 2016 non
414 1978 531 2016 modo
559 1979 745 2025 Socrates,
766 1984 936 2024 noverat,
956 1975 1065 2013 nullo
1082 1973 1199 2012 modo
1219 1972 1278 2011 vi-

147 2030 229 2069 deri
247 2039 372 2084 potest
390 2032 605 2094 quidquam
625 2045 703 2070 esse
721 2031 831 2079 utile,
852 2030 957 2082 quod
973 2042 1052 2068 non
1070 2029 1278 2067 honestum

149 2086 210 2124 sit.
242 2087 380 2139 ltaque
399 2087 485 2125 talis
500 2086 558 2125 vir
574 2098 654 2125 non
672 2086 790 2125 modo
806 2086 944 2132 facere,
962 2084 1028 2122 sed
1046 2096 1095 2122 ne
1115 2082 1282 2133 cogitare

151 2140 310 2193 quidem
329 2141 546 2194 quidquam
565 2141 736 2190 audebit,
765 2139 870 2192 quod
887 2151 966 2177 non
984 2138 1124 2177 audeat
1141 2134 1280 2188 praedi-

143 2208 242 2238 care.
270 2196 383 2246 Haec,
408 2208 536 2236 nonne
566 2203 624 2235 est
652 2203 779 2248 turpe,
805 2193 1002 2234 dubitare
1013 2190 1277 2253 philosophos,
