1470 2402
516 92 695 132 PHAEN
700 92 872 133 OMEN
874 92 929 131 A.
1207 87 1288 126 453

162 197 329 238 Lacteus
346 199 410 239 hic
427 199 548 239 nimio
565 201 717 253 fulgens
732 201 893 240 candore
911 206 1067 238 notatur
1083 213 1094 237 :

163 252 242 291 Hic
261 266 339 292 non
357 262 589 307 perpetuum
607 256 787 294 detexens
806 255 956 294 conficit
975 255 1122 301 orbem,
1206 251 1286 289 250

162 306 238 345 Sed
258 309 379 359 spatio
397 309 567 347 multum
587 310 733 362 superis
751 317 929 362 praestare
947 309 1098 346 duobus

163 360 332 410 Dicitur,
354 370 391 401 et
408 363 484 402 late
503 364 586 402 coeli
603 365 764 403 lustrare
783 376 972 402 cavernas.

166 414 348 462 Quorum
368 418 463 456 alter
482 426 641 469 tangens
659 418 870 470 Aquilonis
890 417 1049 456 vertitur
1067 428 1193 461 auras,

165 468 249 508 Ora
266 479 398 522 petens
418 472 673 511 Geminorum
692 472 856 511 illustria
873 487 882 510 :
913 480 998 510 tum
1013 482 1134 522 genus
1153 468 1289 507 ardens

165 524 215 562 In
234 537 316 564 sese
334 526 500 564 retinens
513 527 677 579 Aurigae
693 535 820 579 portat
837 534 1059 577 utrumque.
1208 525 1288 561 255

170 577 291 618 Hunc
310 580 398 618 sura
416 580 512 619 laeva
532 581 707 629 Perseus,
727 582 967 632 humeroque
987 579 1154 625 sinistro,

167 631 333 685 Tangit:
355 634 403 672 ad
410 635 703 674 Andromedam
717 636 780 674 hic
794 635 930 674 dextra
944 634 991 672 de
1005 641 1112 685 parte
1123 639 1288 678 tenetur,

167 685 244 726 Cui
269 701 409 726 manus
432 689 482 727 ad
499 690 683 739 Boream,
708 691 859 729 cubitus
883 689 946 728 cui
970 695 1114 741 spectat
1132 686 1181 724 ad
1199 690 1291 724 Au-

327 751 474 782 strum:

166 794 418 848 Imponitque
436 798 551 850 pedes
569 799 740 851 duplices
758 799 899 851 Equus
917 813 927 837 ε
958 805 995 836 et
1010 796 1126 836 simul
1139 795 1237 834 Ales

166 848 284 888 Ponit
302 851 381 889 am‘s
401 861 530 904 caput,
551 861 588 891 et
606 854 746 891 clinato
765 866 918 905 corpore
936 860 1101 903 tergum.
1211 848 1291 887 260

166 904 435 955 Anguitenens
453 907 624 945 humeris
643 908 851 946 connititur
867 921 878 945 ε
908 907 976 944 illa
994 905 1171 944 recedens

164 959 358 998 Austrum
378 961 623 1012 consequitur
640 962 812 1000 devitans
830 974 985 1013 corpore
1003 960 1138 1011 Virgo.

165 1012 221 1050 At
235 1026 323 1052 vero
342 1023 467 1053 totum
487 1016 654 1067 spatium
674 1017 857 1054 convestit
875 1023 912 1054 et
931 1015 1033 1053 orbis

166 1066 335 1118 Magnu'
356 1069 452 1114 Leo,
473 1078 510 1108 et
535 1071 635 1108 claro
654 1071 843 1108 collucens
860 1069 1010 1108 lumine
1029 1067 1191 1111 Cancer..

166 1119 214 1158 In
236 1135 314 1173 quo
331 1123 536 1162 consistens
555 1125 740 1163 convertit
758 1124 992 1163 curriculum
1012 1122 1068 1161 sol
1213 1120 1292 1159 265

165 1175 358 1225 AEstivus,
378 1177 506 1216 medio
524 1177 762 1230 distinguens
785 1191 940 1230 corpore
959 1189 1105 1216 cursus.

166 1229 247 1269 Hic
267 1238 369 1270 totus
386 1232 537 1270 medius
557 1233 653 1271 circo
672 1233 906 1284 disjungitur
924 1232 1021 1283 ipso,

166 1284 307 1323 Subter
324 1292 505 1324 testatum
526 1299 618 1325 cava
637 1288 821 1338 tegmina,
843 1295 880 1325 et
898 1286 1002 1324 intus
1021 1292 1058 1324 et
1078 1292 1199 1333 extra,

166 1338 320 1378 Lumen
340 1340 510 1379 habens:
542 1341 632 1379 saevi
651 1341 717 1379 sed
737 1341 792 1380 vis
810 1340 1000 1379 horrenda
1019 1340 1161 1378 Leonis

166 1393 392 1433 Pectoribus
411 1395 546 1434 validis
565 1404 680 1447 atque
699 1396 784 1434 alvo
803 1395 970 1447 possidet
988 1396 1132 1433 orbem.
1213 1394 1294 1439 270

169 1447 291 1487 Hunc
306 1457 394 1497 *octo
412 1449 452 1487 in
472 1459 598 1501 partes
617 1451 784 1489 divisum
803 1463 956 1489 noscere
975 1449 1119 1487 circum

166 1501 209 1541 Si
227 1510 349 1554 potes,
369 1503 540 1543 invenies
560 1518 699 1557 supero
718 1505 925 1543 convertier
944 1505 1035 1542 orbe

167 1555 355 1609 Quinque
373 1559 457 1609 pari
475 1559 613 1611 spatio,
640 1567 765 1611 partes
784 1568 860 1597 tres
879 1572 958 1597 esse
976 1558 1139 1604 relictas,

172 1610 367 1663 Tempore
385 1621 572 1652 nocturno
592 1627 688 1666 quas
700 1614 756 1652 vis
775 1614 924 1652 inferna
942 1613 1170 1663 frequentet.

168 1665 280 1704 Alter
299 1667 347 1705 ab
366 1666 524 1707 infernis
543 1668 679 1707 Austri
698 1669 928 1707 convertitur
948 1667 1050 1704 auris
1068 1681 1078 1704 :
1214 1666 1294 1709 275

169 1719 417 1760 Distribuens
436 1722 609 1760 medium
635 1724 766 1761 subter
785 1731 884 1760 secat
901 1722 963 1760 hic
984 1721 1276 1772 Capricornum,

167 1774 303 1826 Atque
321 1776 436 1826 pedes
450 1777 621 1827 gelidum
640 1778 768 1815 rivum
786 1776 981 1814 fundentis
1002 1776 1167 1826 Aquari,

171 1828 434 1882 Coeruleaeque
451 1831 573 1870 feram
592 1831 753 1870 caudam
777 1831 959 1877 Pistricis,
981 1840 1016 1868 et
1036 1830 1149 1867 illum

169 1882 403 1935 Fulgentem
432 1885 624 1937 Leporem
642 1900 653 1924 ε
693 1886 782 1924 inde
807 1885 920 1937 pedes
951 1883 1080 1928 Canis,
1112 1891 1149 1921 et
1179 1882 1298 1920 simul

333 1940 505 1991 amplam

169 1992 394 2043 Argolicam
412 1995 549 2034 retinet
567 1996 696 2034 crebro
716 2007 802 2034 cum
823 1994 972 2032 lumine
992 1993 1171 2031 Navem:
1217 1991 1297 2029 280

172 2047 378 2099 Tergaque
397 2048 595 2095 Centauri,
616 2057 732 2101 atque
747 2050 878 2100 Nepa'i
892 2056 1018 2099 portat
1037 2058 1222 2085 acumen:

171 2100 270 2139 Inde
288 2101 471 2153 Sagittari
491 2104 663 2142 defixum
682 2103 849 2155 possidet
867 2115 1011 2141 arcum.

172 2155 308 2203 Hunc,
329 2169 353 2194 a
371 2157 564 2197 clarisonis
584 2158 686 2196 auris
706 2157 913 2206 Aquilonis
932 2156 980 2194 ad
1002 2156 1193 2194 Austrum

173 2209 336 2258 Cedens,
356 2219 595 2262 postremum
614 2213 737 2263 tangit
752 2220 834 2250 rota
851 2210 996 2249 fervida
1015 2210 1103 2249 selis
1118 2224 1128 2248 ε

167 2263 331 2309 ‚Exinde
350 2265 391 2304 in
410 2279 566 2319 superas
585 2266 756 2306 brumali
775 2275 947 2319 tempore
965 2264 1070 2304 flexu
1219 2263 1298 2301 235
