1470 2402
178 103 259 142 456
532 106 667 146 PHAE
674 105 946 147 NOMENA.

173 210 282 251 Nam
300 213 451 253 brevior
468 215 573 254 clara
590 216 673 255 coeli
693 216 741 255 de
757 224 865 269 parte
882 216 1033 256 videtur
1048 229 1061 262 ς

176 266 357 319 Amplior
374 268 542 309 infernas
560 271 746 323 depulsus
765 271 933 323 possidet
952 272 1123 310 umbras.

174 319 372 367 Quattuor
390 323 452 363 hic
472 324 603 364 obiens
623 338 751 364 secum
771 325 956 365 deducere
975 325 1084 377 signa
1218 323 1300 362 365

173 374 366 426 Signifero
385 379 480 418 solet
499 392 547 418 ex
565 380 649 418 orbi
666 394 675 418 :
707 387 792 418 tum
812 380 930 419 serius
949 380 1028 429 ille,

177 429 282 468 Cum
303 434 441 484 supera
462 447 541 472 sese
560 434 713 473 satiavit
731 435 830 481 luce,
851 434 1008 481 recedit,

178 483 271 524 Post
290 486 458 526 mediam
477 489 610 527 labens
628 488 729 527 claro
747 502 836 528 cum
855 501 1010 541 corpore
1028 495 1193 528 noctem.

176 538 276 578 Haec
293 542 455 581 obscura
474 551 606 581 tenens
625 544 809 582 convestit
827 543 951 582 sidera
968 543 1094 582 tellus.

175 597 250 641 At,
271 603 378 646 parte
397 609 445 635 ex
464 597 554 645 alia,
576 598 685 636 claris
706 611 795 636 cum
814 598 966 637 lucibus
985 605 1086 637 errat
1221 597 1302 644 370

178 648 317 695 Orion,
338 650 510 690 humeris
529 660 566 690 et
580 652 659 690 lato
677 661 826 704 pectore
844 652 1012 704 fulgens,

177 703 233 742 Et
252 703 386 743 dextra
406 706 571 745 retinens
590 719 668 745 non
688 720 837 746 cassum
856 707 1017 746 luminis
1035 718 1182 746 ensem.

182 757 259 796 Sed
278 771 368 798 cum
387 759 434 799 de
454 761 562 800 terris
581 762 639 800 vis
655 770 711 800 est
730 762 921 814 patefacta
942 762 1101 809 Leonis,

179 811 342 860 Omnia,
363 829 451 866 quae
469 816 615 855 Cancer
633 817 815 868 praeclaro
833 816 972 855 detulit
990 824 1092 864 ortu,

179 866 335 906 Cedunt
354 871 553 909 obscurata
570 885 581 916 3
613 871 729 910 simul
749 871 805 910 vis
823 884 966 923 magna
983 870 1150 924 Aquila'i
1219 868 1302 917 375

181 921 361 971 Pellitur,
382 938 426 963 ac
444 925 545 964 flexo
563 925 762 964 considens
781 939 937 978 corpore
957 925 1088 965 Nixus

180 976 210 1014 J
212 990 276 1015 am
297 991 434 1031 supero
452 979 572 1019 ferme
591 980 774 1032 depulsus
791 980 940 1020 lumine
958 980 1057 1019 cedit
1073 994 1085 1019 ε

180 1031 257 1070 Sed
275 1033 419 1072 laevum
438 1047 559 1086 genus
578 1044 695 1087 atque
713 1036 902 1074 illustrem
920 1035 1065 1088 linquit
1081 1035 1121 1074 in
1136 1035 1259 1074 altum

181 1085 364 1126 Plantam
379 1103 390 1126 ε
411 1096 497 1128 tum
512 1098 643 1129 contra
658 1090 828 1129 exoritur
845 1090 992 1129 clarum
1007 1097 1123 1142 caput
1142 1089 1303 1142 Hydrae,

181 1139 237 1179 Et
257 1142 403 1195 Lepus,
424 1151 463 1182 et
484 1144 672 1197 Procyon,
694 1145 762 1197 qui
781 1157 860 1184 sese
878 1144 1047 1184 fervidus
1065 1144 1181 1183 infert
1225 1145 1306 1183 380

181 1196 286 1236 Ante
304 1198 452 1237 Canem
469 1213 480 1237 ε
510 1199 599 1238 inde
621 1199 740 1239 Canis
758 1199 917 1251 vestigia
935 1199 1061 1252 prima
1079 1199 1268 1238 videntur.

182 1251 275 1290 Non
295 1266 419 1304 pauca
437 1266 458 1291 e
475 1254 569 1292 coelo
588 1254 783 1306 depellens
802 1254 911 1306 signa
928 1262 1084 1305 repente

184 1305 389 1355 Exoritur,
410 1308 575 1347 candens
595 1309 735 1347 illustri
753 1308 916 1356 lumine,
938 1308 1075 1362 ¹Virgo.

185 1360 299 1400 Cedit
317 1363 418 1402 clara
437 1363 551 1402 Fides
571 1363 778 1415 Cyllenia3
807 1363 996 1415 mergitur
1013 1362 1120 1402 unda

184 1414 406 1468 Delphinus
422 1430 434 1463 ς
465 1417 582 1456 simul
602 1418 794 1469 obtegitur
812 1417 974 1469 depulsa
992 1417 1154 1469 Sagitta,
1229 1419 1309 1456 385

183 1471 320 1523 Atque
342 1472 436 1511 Avis
455 1472 504 1511 ad
523 1485 719 1511 summam
738 1471 917 1519 caudam,
937 1471 1159 1524 primasque
1172 1471 1313 1512 recedit

184 1525 357 1572 Pinnas;
387 1534 425 1566 et
443 1540 609 1579 magnus
624 1527 766 1579 pariter
784 1526 976 1565 delabitur
996 1526 1149 1565 Amnis.

185 1580 267 1620 Hic
286 1581 426 1634 Equus
443 1595 467 1620 a
484 1582 607 1634 capite
626 1590 664 1621 et
682 1581 799 1633 longa
817 1581 960 1620 cervice
977 1581 1123 1620 latoecit
1139 1595 1151 1620 τ

186 1636 363 1687 Longius
382 1637 552 1675 exoritur
567 1638 649 1687 jam
670 1637 771 1676 claro
790 1648 945 1688 corpore
964 1637 1158 1688 Serpens3

191 1689 428 1743 Crateraque
446 1700 558 1730 tenus
575 1692 678 1731 lucet
696 1691 923 1730 mortalibus
944 1690 1096 1742 Hydra.
1231 1690 1314 1731 390

190 1745 290 1784 Inde
308 1745 424 1797 pedes
442 1746 559 1785 Canis
577 1746 742 1785 ostendit
757 1747 840 1796 jam
859 1745 1097 1797 posteriores,

190 1800 246 1840 Et
264 1808 349 1852 post
367 1800 448 1852 ipse
466 1801 581 1840 trahit
600 1801 703 1840 claro
722 1814 811 1840 cum
832 1800 981 1838 lumine
1004 1799 1175 1852 Puppim
1190 1813 1204 1838 z

192 1855 418 1907 Insequitur
435 1855 568 1895 labens
586 1869 655 1908 per
673 1855 757 1895 coeli
774 1854 927 1894 lumina
946 1854 1069 1893 Navis
1085 1869 1097 1893 z

190 1909 260 1957 Et,
276 1923 367 1949 cum
383 1910 466 1959 jam
486 1919 565 1950 toto
585 1911 765 1963 processit
784 1922 940 1962 corpore
959 1909 1097 1960 Virgo,

190 1964 290 2003 Haec
307 1963 481 2003 medium
500 1965 665 2004 ostendit
684 1965 831 2003 radiato
850 1964 977 2016 stipite
996 1963 1168 2002 Malum.
1233 1963 1314 2004 395

189 2019 264 2065 At,
285 2031 376 2057 cum
395 2019 606 2071 procedunt
626 2021 786 2058 obscuro
805 2031 961 2070 eorpore
979 2017 1125 2067 Chelae,

190 2073 357 2112 Exsistit
375 2073 516 2126 pariter
534 2075 642 2126 larga
661 2086 750 2114 cum
769 2074 855 2112 luce
873 2074 1016 2112 Bootoe
1032 2085 1047 2119 ς

191 2127 317 2178 Cujus
336 2127 376 2166 in
396 2128 552 2167 adverso
571 2136 627 2168 est
646 2129 842 2168 Arcturus
860 2139 1016 2179 corpore
1034 2126 1163 2172 fixusz

190 2182 371 2235 Totaque
386 2183 469 2233 jam
487 2196 605 2235 supra
623 2183 776 2235 fulgens
794 2182 1010 2235 prolabitur
1026 2181 1163 2234 Argo:

191 2237 423 2289 Hydraque,
444 2238 548 2289 quod
568 2238 644 2277 late
663 2238 757 2277 coelo
775 2237 943 2290 dispersa
963 2244 1127 2281 tenetur,
1239 2235 1319 2273 400
