1470 2402
340 121 417 162 DE
447 121 711 173 OFFICIIS,
734 123 834 162 Lm.
852 120 892 163 1.
909 123 1014 163 cip.
1035 119 1116 162 21.’
1196 120 1276 162 223

169 241 298 268 amare
325 227 500 277 divitias3
530 231 628 270 nihil
650 227 865 281 honestius,
890 231 1286 284 maginficentiusque,

171 296 289 334 quam
308 285 510 335 pecuniam
529 294 782 334 contemnere,
810 287 841 324 si
865 299 944 324 non
968 287 1133 332 habeas3
1165 287 1196 324 si
1221 287 1290 324 ha-

172 338 277 385 beas,
316 338 366 376 ad
401 338 691 378 beneficentiam
726 340 1071 391 liberalitatemque
1109 340 1288 378 conferre.

173 389 355 429 Cavenda
379 400 435 430 est
459 393 574 431 etiam
602 394 733 445 gloriae
761 394 961 446 cupiditas,
988 401 1032 431 ut
1057 407 1173 445 supra
1195 394 1290 431 dixi.

172 443 302 496 Eripit
331 445 434 484 enim
465 446 695 496 libertatem,
722 461 792 500 pro
817 448 897 499 qu'a
920 447 1178 498 magnanimis
1203 448 1293 485 viris

172 498 298 536 omnis
316 498 429 537 debet
447 513 526 538 esse
551 502 752 540 contentio.
782 502 867 540 Nec
885 514 972 539 vero
999 502 1160 552 imperia
1179 514 1293 552 expe-

173 551 301 599 tenda,
322 565 380 599 ac,
400 554 543 604 potius,
570 562 638 593 aut
662 568 740 594 non
759 555 977 607 accipienda
994 555 1204 604 interdum,
1225 563 1292 594 aut

174 604 399 656 deponenda
416 620 709 660 nonnunquam.

229 659 461 699 Vacandum
487 670 617 700 autem
643 671 698 701 est
723 663 830 702 omni
855 663 974 701 animi
996 663 1293 715 perturbatione,

172 718 262 750 tum
292 715 499 765 cupiditate
528 723 566 754 et
591 725 713 765 metu,
733 725 819 755 tum
849 717 964 755 etiam
992 718 1228 769 aegritudine,
1259 726 1296 756 et

176 767 372 818 voluptate
391 769 524 818 animi,
545 778 582 808 et
605 771 826 817 iracundiag
856 779 901 809 ut
919 772 1175 823 tranquillitas
1190 779 1227 809 et
1241 785 1298 810 se-

176 821 315 859 curitas
334 822 445 871 adsit,
466 837 553 874 quae
568 825 689 874 affert,
706 838 794 863 cum
807 826 1070 873 constantiam,
1085 825 1170 863 tum
1182 825 1297 863 etiam

179 874 418 925 dignitatem.
449 877 573 916 Multi
601 886 731 917 autem
760 887 798 917 et
827 886 917 917 sunt
945 887 983 917 et
1011 879 1181 927 fuerunt,
1214 880 1298 931 qui,

180 940 266 966 eam
279 931 415 980 (quam
440 931 540 979 dico)
568 934 884 983 tranquillitatem
908 941 1140 984 expetentes,
1165 947 1188 971 a
1206 946 1299 985 neg-

179 982 267 1020 otiis
292 984 457 1034 publicis
485 998 525 1023 se
552 987 794 1033 removerint,
823 987 871 1024 ad
890 987 1089 1038 otiumque
1121 987 1301 1038 perfuge-

179 1036 268 1073 rint.
299 1037 349 1074 In
368 1038 441 1085 his,
458 1045 496 1076 et
513 1040 739 1078 nobilissimi
757 1041 975 1092 philosophi
988 1041 1178 1092 longeque
1196 1041 1302 1092 prin-

181 1089 296 1141 cipes,
317 1098 355 1129 et
372 1092 531 1143 quidam
549 1094 724 1132 homines
743 1094 861 1132 severi
876 1102 912 1132 et
923 1108 1068 1145 graves,
1085 1107 1154 1132 nec
1168 1095 1302 1145 populi

180 1155 250 1182 nec
274 1145 494 1197 principum
519 1160 643 1186 mores
666 1149 763 1187 ferre
785 1155 1017 1199 potuerunt;
1047 1148 1303 1199 vixeruntque

180 1199 360 1237 nonnulli
373 1200 415 1237 in
429 1201 543 1251 agris,
564 1201 739 1240 delectati
756 1216 796 1240 re
811 1201 879 1240 sua
889 1202 1080 1240 familiari.
1112 1203 1187 1240 His
1199 1203 1302 1241 idem

179 1253 418 1304 propositum
437 1254 525 1303 fuit,
542 1256 647 1306 quod
670 1256 838 1307 regibus,
859 1263 903 1294 ut
921 1269 969 1294 ne
984 1256 1063 1307 qua
1076 1269 1116 1293 re
1135 1264 1301 1307 egerent,

181 1317 230 1344 ne
248 1306 311 1348 cui
328 1307 516 1358 parerent,
536 1310 710 1349 libertate
728 1317 950 1357 uterentur;
980 1311 1089 1360 cujus
1103 1311 1302 1362 proprium

182 1366 252 1407 est,
273 1361 326 1398 sic
344 1362 482 1411 vivere,
502 1370 548 1401 ut
562 1364 667 1402 velis.

233 1414 355 1453 XXI.
385 1415 531 1464 Quare,
551 1430 642 1456 cum
659 1418 733 1457 hoc
751 1431 956 1457 commune
973 1419 1021 1458 sit
1038 1418 1219 1470 potentiae
1238 1432 1304 1457 cu-

181 1467 362 1519 pidorum
379 1482 471 1508 cum
483 1471 544 1521 iis,
565 1485 661 1523 quos
680 1472 776 1521 dixi,
791 1474 945 1519 otiosis;
966 1473 1075 1511 alteri
1094 1486 1132 1511 se
1147 1474 1303 1525 adipisci

178 1521 223 1560 id
239 1535 348 1574 posse
365 1524 612 1575 arbitrantur,
631 1526 663 1565 si
681 1539 771 1578 opes
788 1540 948 1579 magnas
966 1528 1158 1572 habeant3
1180 1528 1303 1575 alteri,

183 1575 216 1613 si
240 1578 406 1618 contenti
431 1579 506 1617 sint
527 1587 565 1618 et
582 1593 664 1629 suo,
692 1588 730 1619 et
753 1593 895 1632 parvo:
925 1582 965 1618 in
985 1595 1063 1633 quo
1081 1588 1306 1619 neutrorum

184 1630 342 1669 omnino
357 1634 635 1672 contemnenda
654 1642 710 1673 est
728 1635 914 1673 sententia
927 1650 938 1672 :
972 1635 1038 1673 sed
1057 1642 1093 1673 et
1107 1634 1252 1672 facilior
1270 1642 1308 1673 et

186 1683 318 1732 tutior,
348 1692 386 1723 et
412 1686 542 1725 minus
572 1688 656 1725 aliis
685 1688 810 1739 gravis
843 1697 909 1726 aut
941 1689 1114 1735 molesta,
1144 1688 1223 1726 vita
1252 1697 1308 1727 est

185 1737 393 1776 otiosorum
407 1752 419 1785 3
439 1739 666 1779 fructuosior
680 1749 809 1780 autem
822 1742 1027 1780 hominum
1045 1742 1188 1793 generi,
1204 1749 1241 1780 et
1259 1743 1309 1780 ad

185 1791 397 1831 claritatem
421 1793 793 1847 amplitudinemque
813 1797 949 1848 aptior,
970 1809 1102 1834 eorum
1122 1796 1190 1847 qui
1208 1809 1246 1834 se
1261 1796 1317 1848 ad-

186 1846 465 1897 rempublicam
480 1855 517 1886 et
536 1849 585 1886 ad
602 1862 661 1888 res
674 1862 834 1900 magnas
849 1850 1031 1901 gerendas
1045 1850 1310 1888 accommoda-

186 1907 334 1938 verunt.
375 1901 635 1954 Quapropter,
656 1912 694 1942 et
710 1903 756 1942 iis
773 1903 930 1942 forsitan
945 1903 1228 1943 concedendum
1247 1903 1317 1952 sit,

187 1955 466 2004 rempublicam
491 1968 569 1994 non
595 1957 888 2008 capessentibus,
914 1958 996 2010 qui,
1024 1957 1222 1996 excellenti
1249 1958 1319 1995 in-»

187 2008 314 2058 genio,
344 2006 524 2048 d‘octrinae
543 2024 621 2049 sese
640 2011 892 2059 dediderunt3
922 2019 959 2050 et
977 2012 1037 2059 iis,
1058 2012 1144 2063 qui,
1161 2018 1228 2049 aut
1245 2025 1312 2049 va-

188 2061 370 2101 letudinis
394 2063 667 2113 imbecillitate,
686 2073 754 2103 aut
772 2066 904 2118 aliqua
921 2066 1092 2117 graviore
1107 2066 1220 2104 causa
1237 2065 1312 2103 im-

189 2115 322 2166 pediti,
352 2130 376 2154 a
404 2119 599 2169 republica
626 2127 870 2167 recesserunt,
899 2133 989 2158 cum
1019 2121 1101 2170 ejus
1130 2119 1312 2157 adminis-

189 2169 335 2208 trandae
370 2178 595 2222 potestatem
632 2174 730 2220 aliis,
769 2174 1015 2226 laudemque,
1057 2173 1312 2212 concederent.

190 2221 359 2271 Quibus
374 2232 514 2266 autem.
530 2227 616 2267 talis
644 2228 752 2269 nulla
775 2228 823 2267 sit
848 2242 975 2279 causa,
1006 2229 1037 2267 si
1062 2228 1250 2280 despicere
1276 2240 1315 2265 se
