1470 2402
418 124 788 166 PARADOXON
816 125 898 165 ΙΙΙ.
1142 125 1222 164 409

88 232 153 272 do.
181 233 306 284 Bene,
325 235 466 284 hercle,
493 248 648 274 narras.
679 249 772 275 nam
789 235 907 274 istum
927 234 1084 273 doctum
1104 242 1141 273 et
1160 247 1225 280 ευ

87 288 259 340 pientem
284 290 413 328 virum
439 290 572 338 fuisse,
593 290 789 329 memoriae
817 289 1003 328 traditum
1034 297 1101 328 est.
1143 289 1220 329 Sed

86 351 217 382 tamen
238 356 368 396 quaero
387 358 435 383 ex
464 353 501 384 te
522 344 695 398 (quando
715 345 839 383 verbis
858 345 957 383 inter
976 357 1044 383 nos
1064 352 1221 383 conten-

84 397 228 446 dimus,
242 411 320 438 non
339 399 514 451 pugnis),
532 408 666 438 utrum
681 400 729 438 de
743 399 854 438 bonis
874 409 929 438 est
948 398 1218 451 quaerendum,

85 452 182 506 quid
199 453 323 515 bajuli
337 462 454 506 atque
472 455 647 506 operarii,
669 467 719 492 an
739 453 834 506 quid
852 454 1028 492 homines
1047 453 1220 491 doctissi-

86 507 158 555 mi,
172 508 387 547 senserint?
402 510 614 561 praesertim
627 522 716 547 cum
731 509 803 546 hac
815 507 1000 547 sententia
1011 521 1088 546 non
1104 509 1221 546 modo

85 562 224 611 verior,
246 562 311 602 sed
336 575 385 601 ne
410 563 541 601 utilior
560 563 720 625 quidem
738 563 944 601 hominum
956 563 1058 609 vitae,
1079 563 1222 615 reperi-

87 617 124 655 ri
142 617 224 655 ulla
241 617 371 670 possit.
417 617 519 666 Quae
542 618 597 656 vis
624 618 728 657 enim
755 626 824 659 est
847 631 934 669 quae
953 617 1076 680 magis
1096 626 1222 656 arceat

86 671 263 711 homines
296 674 345 711 ab
377 672 624 724 improbitate
657 673 778 720 omni,
807 685 926 724 quam
955 672 986 710 si
1021 673 1219 719 senserint,

84 727 242 765 nullum
267 727 309 765 in
328 726 476 766 delictis
501 740 580 765 esse
599 727 834 766 discrimen?
864 741 973 779 aeque
991 740 1146 780 peccare
1166 741 1220 774 se,

83 781 117 819 si
147 781 319 833 privatis,
355 794 399 819 ac
431 782 462 820 si
494 781 796 833 magistratibus,
843 794 984 820 manus
1023 781 1185 820 afferant
1201 784 1219 820 ,9

84 849 374 888 quamcumque
392 836 433 874 in
446 836 608 875 domum
622 845 800 888 stuprum
813 836 1029 883 intulerint,
1043 836 1220 875 eamdem

87 903 167 930 aese
185 891 312 929 labem
332 890 502 929 libidinis
520 893 538 930 ?
587 891 750 929 Nihilne
774 890 892 942 igitur
911 891 1081 938 interest,
1112 895 1221 934 (nam

88 944 162 984 hoc
176 945 276 984 dicet
294 945 450 998 aliquis)
481 953 629 997 patrem
657 946 744 998 quis
771 954 914 993 enecet,
949 959 998 984 an
1032 959 1185 984 servum
1203 949 1221 985 ?

88 999 211 1038 Nuda
229 999 301 1039 ista
320 1000 352 1038 si
369 1013 504 1052 ponas,
530 1000 708 1050 judicari,
736 1000 867 1052 qualia
893 1000 982 1049 sint,
1002 1013 1080 1038 ιιοιι
1110 1000 1221 1040 facile

86 1063 271 1106 possunt:
301 1062 451 1107 patrem
471 1055 550 1093 vit&
576 1055 740 1107 privare,
762 1055 807 1101 si,
835 1068 902 1107 per
917 1068 970 1102 se,
993 1056 1113 1093 scelus
1133 1063 1219 1102 est;

86 1109 307 1161 Saguntini,
337 1109 405 1162 qui
434 1118 609 1161 parentes
643 1123 730 1148 suos
759 1110 898 1148 liberos
932 1110 1064 1156 emori,
1100 1123 1221 1162 quam

85 1177 211 1203 servos
230 1164 370 1213 vivere,
390 1165 626 1211 maluerunt,
647 1164 846 1216 parricidae
864 1165 1033 1203 fuerunt.
1060 1165 1167 1216 Ergo
1183 1172 1220 1203 et

85 1219 236 1271 parenti
253 1231 536 1271 nonnunquam
557 1219 676 1257 adimi
694 1219 773 1257 vita
791 1219 872 1257 sine
901 1219 1038 1258 scelere
1065 1227 1217 1270 potest;

87 1281 127 1312 et
144 1287 251 1313 servo
270 1287 384 1326 saepe,
406 1274 487 1312 sine
506 1274 664 1324 injuria,
689 1286 767 1313 non
786 1282 922 1326 potest.
955 1274 1081 1312 Causa
1100 1274 1220 1325 igitur

86 1327 182 1376 haec,
202 1341 280 1367 non
298 1336 450 1376 natura,
468 1329 697 1391 distinguit,
687 1343 696 1352 ·
728 1342 854 1381 quae
829 1328 983 1367 ouando
996 1336 1083 1366 utro
1096 1341 1220 1367 acces-

88 1383 151 1430 sit,
179 1381 220 1421 id
238 1383 282 1421 fit
300 1384 552 1435 propensius:
585 1384 616 1422 si
634 1392 799 1435 utroque
818 1383 1000 1433 adjuncta
1025 1383 1087 1429 sit,
1112 1383 1220 1434 paria

87 1437 196 1486 fiant,
217 1450 367 1477 necesse
386 1446 453 1477 est.
485 1438 593 1476 Illud
612 1446 741 1476 tamen
760 1437 930 1486 interest,
953 1438 1071 1489 quod,
1085 1437 1126 1475 in
1142 1451 1220 1476 ser-

88 1505 136 1531 vo
155 1493 340 1539 necando,
357 1493 388 1530 si
407 1492 505 1531 adsit
532 1492 689 1542 injuria,
712 1492 830 1530 semel
854 1501 1057 1545 peccatum
1089 1492 1130 1529 in
1149 1505 1221 1544 pa-

87 1546 155 1585 tris
184 1546 263 1585 Vlta
281 1547 475 1608 violanda,
495 1548 622 1585 multa
646 1554 864 1598 peccantur.
894 1547 932 1585 V
935 1546 1103 1585 iolatur
1093 1559 1125 1584 ιε
1151 1546 1222 1598 qui

87 1601 312 1654 procreavit,
329 1601 361 1639 is
380 1601 449 1653 qui
467 1601 577 1649 aluit,
594 1601 626 1639 is
645 1601 713 1652 qui
733 1601 912 1649 erudivit,
932 1601 964 1639 is
984 1601 1054 1653 qui
1071 1601 1112 1638 in
1133 1601 1221 1639 sede

90 1669 135 1695 ac
153 1656 269 1694 domo
287 1663 404 1708 atque
431 1655 472 1693 in
493 1656 690 1708 republica
716 1655 937 1694 collocavit:
968 1655 1222 1693 multitudine

91 1718 336 1772 peccatorum
353 1717 537 1762 praestan
569 1723 690 1761 eoque
701 1722 813 1761 poena
831 1711 978 1760 majore
996 1710 1137 1761 dignus
1152 1717 1220 1748 est.

92 1765 171 1804 Sed
198 1777 281 1814 nos,
302 1765 343 1802 ιιι
362 1764 455 1810 vita,
477 1777 554 1803 non
578 1778 666 1816 quae
685 1764 823 1816 cuique
842 1773 996 1816 peccato
1017 1777 1131 1816 poena
1159 1764 1221 1812 sit,

92 1820 160 1859 sed
171 1827 365 1872 quantum
383 1819 522 1871 cuique
535 1819 660 1868 liceat,
678 1826 845 1871 spectare
864 1818 1077 1858 debemus.
1109 1818 1224 1870 quid-

91 1875 188 1928 quid
219 1887 298 1912 ιιοιι
324 1882 486 1926 oportet,
507 1874 629 1912 scelus
659 1887 763 1920 esse3
794 1873 985 1936 quidquid
1013 1886 1091 1912 non
1116 1874 1220 1922 lieet,

89 1929 197 1969 nefas
214 1935 352 1981 putare
370 1928 566 1967 debemus.
610 1928 794 1966 Etiamne
818 1928 860 1966 ιιι
885 1928 1057 1966 minimis
1075 1930 1214 1967 rebus.
1203 1931 1223 1956 9

89 1984 254 2024 Etiam:
285 1983 317 2021 si
335 1983 493 2035 quidem
511 1995 641 2021 rerum
655 1982 818 2021 modum
832 1982 976 2035 fingere
994 1995 1073 2022 non
1086 1996 1223 2035 possu-

90 2052 207 2085 mus;
238 2038 459 2076 animorum
477 2037 640 2076 modum
659 2046 787 2076 tenere
804 2050 1021 2089 possumus.
1052 2037 1220 2087 Histrio,

89 2094 122 2133 si
145 2068 311 2146 paulum
343 2105 383 2131 se
408 2091 532 2131 movit
559 2101 668 2131 extra
697 2104 920 2140 numerum,
941 2100 1010 2131 aut
1035 2092 1067 2130 si
1090 2105 1222 2131 versus

88 2147 361 2201 pronuntiatus
401 2154 457 2185 oet
489 2147 637 2198 syllaba
665 2146 745 2185 una
775 2146 928 2185 brevior
957 2154 1025 2185 aut
1053 2147 1220 2198 longior,

90 2202 330 2251 exsibilatur,
347 2210 384 2240 et
402 2201 646 2263 exploditur·
676 2201 718 2239 ιιι
735 2201 815 2240 vita
826 2209 885 2248 tu,
905 2202 974 2253 qui
987 2201 1095 2240 omni
1109 2209 1222 2253 gestu

92 2255 337 2304 moderatior,
357 2256 465 2295 omni
483 2269 593 2296 versu
613 2256 737 2310 aptior
755 2269 834 2295 aese
853 2256 981 2307 debes,
1001 2263 1045 2296 ut
1068 2256 1110 2295 in
1143 2255 1222 2308 syl-

149 2309 339 2361 (ΡΙιίΖοὲ.)
365 2312 839 2351 VOL.1v.2
861 2322 893 2350 ιτ
