1470 2402
231 86 321 134 3862
494 95 573 136 m:
601 96 902 147 AMICITIA,
918 80 1026 137 σι’».
1048 80 1113 136 ifi'.

234 202 367 266 digno,
395 205 636 258 supplicare3
665 214 752 246 tum
780 205 981 246 acerbius
969 217 1011 245 ιιι
1029 206 1200 258 aliquem
1217 205 1362 255 invehi,

235 257 488 320 insectarique
506 261 792 300 vehementius:
823 275 912 314 quae
928 260 970 299 in
997 260 1135 300 nostris
1152 261 1266 300 rebus
1283 273 1363 299 nou

237 312 327 351 satis
345 313 548 362 honestes
538 328 578 353 ιιι
598 315 810 354 amicorum
828 316 929 354 fiunt
945 314 1220 354 honestissime.
1251 315 1364 354 Mul-

235 374 285 405 tae
297 380 471 428 quoque
509 382 567 408 res
601 377 704 416 sunt,
733 370 773 408 in
802 370 944 422 quibus
971 369 1020 409 de
1048 370 1126 408 suis
1151 368 1363 409 commodis

236 420 308 459 viri
326 422 417 460 boni
444 424 569 462 multa
594 424 814 472 detrahunt,
835 424 1061 476 detrahique
1085 423 1299 477 patiuntur,
1319 431 1365 462 ut

237 472 284 513 iis
304 477 417 516 amici
436 479 577 529 potius,
595 492 713 541 quam
725 479 813 531 ipsi,
834 479 1023 517 fruantur.

291 531 430 570 Altera
450 534 637 572 sententia
656 542 724 581 αι,
746 547 834 585 quae
845 533 981 572 definit
989 533 1197 572 amicitiam
1208 533 1366 584 paribus

235 583 367 623 officiis
387 599 430 625 ac
444 588 718 627 voluntatibus.
750 588 838 627 Hoc
857 587 1015 650 quidem
1031 595 1087 626 est
1097 587 1212 626 nimis
1227 587 1367 649 exigue

236 646 273 677 et
292 639 441 679 exiliter
460 641 509 679 ad
528 642 692 681 calculos
704 656 838 682 vocare
856 642 1080 689 amicitiam,
1094 649 1138 680 ut
1154 655 1226 694 par
1244 641 1293 680 sit
1306 654 1368 680 ra-

235 693 290 731 tio
309 704 552 748 acceptorum
573 705 609 735 et
624 697 813 736 datorum.
843 696 973 735 Ditior
986 697 1084 735 mihi
1099 704 1136 735 et
1151 695 1368 735 affluentior

235 747 387 787 videtur
406 763 484 789 esse
504 764 592 790 vera
604 751 799 797 amicitia;
828 763 898 790 nec
912 753 1111 790 observare
1121 750 1303 796 restricte,
1316 762 1366 789 ne

234 802 324 854 plus
343 804 490 852 reddat,
511 819 631 858 quam
650 806 846 858 acceperit.
878 806 1019 858 Neque
1031 806 1133 844 enim
1153 805 1363 844 verendum

236 864 306 905 est,
328 870 376 897 ne
400 834 494 911 quid
514 860 676 905 excidat
698 869 766 899 aut
784 873 833 899 ne
852 860 982 922 quid
971 873 1012 899 In
1038 868 1179 899 terram
1204 859 1363 907 defluat,

235 920 304 950 aut
315 924 364 951 ne
377 914 466 965 plus
485 928 596 967 aequo
615 915 740 967 quid'
729 928 770 953 In
789 915 998 954 amicitiam
1017 922 1255 967 congeratur.

288 965 446 1007 Tertius
465 982 553 1008 vero
572 969 637 1008 ille
656 969 742 1008 finis
761 969 1002 1017 deterrimus,
1022 977 1081 1018 ut,
1107 968 1243 1022 quanti
1257 967 1364 1021 quis-

236 1034 312 1073 que
332 1034 370 1060 se
389 1022 470 1074 ipse
488 1023 616 1073 faciat,
637 1024 734 1063 tanti
752 1024 820 1063 fiat
831 1025 880 1064 ab
899 1023 1042 1063 amicis.
1072 1024 1183 1075 Saepe
1197 1023 1299 1062 enim
1324 1023 1366 1062 ιιι

236 1075 471 1127 quibusdam
484 1086 552 1117 aut
570 1079 722 1118 animus
737 1078 918 1129 abjectior
937 1086 1006 1127 est,
1023 1086 1090 1117 aut
1102 1090 1186 1130 spes
1200 1077 1368 1130 amplifi-

236 1130 368 1169 candae
386 1131 550 1171 fortunae
564 1133 731 1172 fractior.
779 1133 872 1172 Non
893 1141 949 1172 est
966 1133 1084 1185 igitur
1102 1132 1231 1181 amici,
1247 1131 1365 1171 talem

236 1196 315 1222 oese
334 1185 374 1223 in
395 1199 500 1233 eum,
521 1188 645 1250 qualis
663 1187 752 1226 ille
742 1200 782 1226 m
798 1201 837 1226 se
856 1195 938 1234 esu
969 1187 1034 1226 sed
1052 1187 1180 1249 potius
1199 1186 1305 1233 enifi,
1326 1194 1365 1226 et

236 1237 396 1288 efficere,
417 1249 461 1278 ut
476 1242 590 1280 amici
604 1243 799 1303 jacentem
821 1241 997 1280 animum
1018 1241 1170 1291 excitet,
1190 1240 1368 1280 induoet-

238 1305 315 1345 que
334 1306 442 1345 spem
462 1295 808 1348 cogitationemque
826 1296 1037 1335 meliorem.

290 1348 409 1387 Alius
434 1349 553 1400 igitur
571 1350 658 1389 finis
677 1363 775 1389 verae
793 1350 971 1389 amicitiae
989 1349 1276 1389 constituendus
1295 1357 1365 1399 est,

236 1400 268 1440 si
287 1402 407 1454 prius,
428 1404 523 1455 quid
541 1405 712 1443 maxime
729 1405 1003 1467 reprehendere
1018 1405 1146 1457 Scipio
1158 1404 1291 1443 solitus
1303 1405 1365 1453 sit,

237 1455 382 1495 dixero.
425 1457 605 1510 Negabat
622 1459 744 1498 ullam
764 1472 896 1498 vocem
913 1459 1167 1498 inimiciorem
1187 1458 1366 1498 amicitiae

237 1510 406 1562 potuisse
424 1513 594 1564 reperiri,
616 1527 735 1565 quam
755 1515 852 1564 ejus,
872 1513 942 1566 qui
960 1514 1132 1561 dixisset,
1155 1513 1210 1552 ita
1238 1525 1368 1552 amare

238 1572 425 1617 oportere,
445 1575 490 1605 ut
508 1567 539 1606 si
564 1567 772 1620 aliquando
797 1576 893 1607 aeset
918 1581 1080 1607 osurus·
1111 1581 1182 1608 nec
1199 1580 1298 1606 vero
1326 1581 1367 1608 se

238 1619 377 1659 adduci
405 1633 529 1672 posse,
550 1630 595 1661 ut
618 1622 691 1662 hoc
725 1623 1073 1685 (quemadmodum
1103 1629 1320 1675 putaretur)
1343 1635 1367 1660 a

237 1673 379 1713 Biante
399 1687 478 1714 esse
497 1675 644 1715 dictum
663 1677 844 1724 crederet,
864 1677 933 1729 qui
957 1677 1106 1729 sapiens
1129 1676 1284 1716 habitus
1309 1689 1367 1716 es-

237 1735 293 1767 set
312 1741 413 1767 unus
432 1743 453 1768 e
479 1739 654 1793 septem,
685 1731 787 1770 sed
776 1732 921 1784 impuri
946 1731 1162 1781 cujusdam,
1191 1738 1259 1769 aut
1282 1743 1367 1769 am-

236 1782 378 1828 bitiosi,
399 1791 466 1822 aut
485 1786 615 1823 omnia
634 1786 682 1824 ad
697 1798 807 1824 suam
822 1786 1049 1848 potentiam·
1048 1785 1370 1831 revocandam

237 1838 477 1876 sententiam.
522 1838 707 1888 Quonam
726 1840 829 1878 enim
848 1840 964 1879 modo
984 1840 1190 1892 quisquam
1219 1839 1367 1878 amicus

236 1903 316 1929 esse
345 1893 497 1943 poterit,
529 1894 592 1932 cui
625 1907 664 1932 se
695 1895 849 1946 putabit
880 1894 1082 1933 inimicum
1113 1906 1193 1933 oese
1220 1905 1330 1946 posse
1346 1895 1366 1932 ?

236 1944 464 1993 Quinetiam
497 1960 646 1987 neeesse
676 1948 747 1986 erit
776 1961 914 2000 cupere
939 1956 977 1987 et
1005 1955 1150 2000 optare,
1177 1955 1222 1986 ut
1247 1959 1367 2000 quam

238 1999 446 2051 saepissime
457 2010 587 2053 peccet
597 2002 758 2050 a1nicus,
772 2015 851 2054 quo
861 2003 990 2055 plures
1004 2002 1068 2041 det
1079 2002 1152 2041 sibi
1165 2010 1367 2054 tamquam

235 2064 346 2092 ansas
365 2054 414 2092 ad
433 2056 816 2107 reprehendendum:
848 2070 1002 2096 rursum
1021 2064 1152 2095 autem
1170 2064 1270 2095 recte
1288 2055 1368 2094 fao-

233 2106 283 2145 tis
305 2109 594 2200 cgmmodisqw
611 2111 826 2151 amicorum
844 2123 994 2152 necesse
1012 2111 1083 2151 erit
1101 2110 1207 2163 angi,
1223 2109 1367 2160 dolere,

236 2160 317 2221 invi
346 2175 419 2201 ere.

289 2215 423 2266 Quare
440 2216 513 2259 hoc
531 2218 690 2273 quidem
708 2226 946 2275 praeoeptum
973 2220 1270 2274 (cujuscumque
1295 2223 1369 2267 est)
