1470 2402
207 78 257 117 12
305 77 384 118 DE
413 77 838 127 DIVINATIONE,
860 77 962 117 Lm.
984 77 1020 117 1.
1040 75 1149 117 CAP.
1171 67 1248 116 16.'

198 187 368 227 rabiliter
404 200 463 228 τω
494 189 629 229 eodem
664 187 781 227 modo
799 187 993 227 evenirent
1035 184 1174 226 iisdem
1209 184 1329 236 signis

199 243 439 294 antegressis,
460 256 521 283 ars
550 252 607 283 est
631 243 779 291 effecta,
799 243 934 281 eadem
959 253 1060 294 saepe
1087 239 1329 280 animadver-

202 296 320 335 tendo
338 310 382 336 ac
400 298 581 337 notando.

254 351 350 389 XV.
391 351 580 405 Auspicia
605 365 693 391 vero
716 359 841 391 vestra
861 363 982 402 quam
1008 348 1210 389 constant!
1241 359 1330 400 quae

199 405 358 457 quidem
376 418 481 445 nunc
499 421 522 445 a
542 406 731 446 Romanis
749 405 961 457 auguribus
972 405 1198 456 ignorantur
1210 401 1330 445 (bona

198 459 272 498 hoc
305 462 373 499 tua
402 462 514 500 venia
541 461 749 508 dixerim).
780 474 804 499 a
836 459 1036 508 Cilicibus,
1070 457 1328 509 Pamphyliis,

201 513 355 564 Pisidis,
381 514 526 566 Lyciis,
553 523 743 555 tenentur.
785 515 892 554 Nam
918 513 1014 566 quid
1039 525 1111 575 ego
1138 511 1331 563 hospitem

199 577 390 618 nostrum,
410 571 664 610 clarissimum
683 578 801 622 atque
821 569 1016 651 optimum
1040 568 1183 615 virum,
1211 565 1333 604 Deio-

199 630 329 662 tarum
348 638 492 677 regem,
512 630 844 664 commemorem.
873 623 942 685 qui
960 622 1059 661 nihil
1076 633 1252 674 unquam
1272 619 1332 658 ni-

201 677 233 716 si
253 680 448 730 auspicato
466 680 586 732 gerit;
616 679 685 731 qui
704 691 795 716 cum
813 690 862 716 ex
884 677 1020 716 itinere
1046 675 1217 728 quodam
1242 687 1332 727 pro·

201 732 327 784 posito
346 741 384 772 et
402 734 607 773 constituto
624 733 851 780 revertisset,
867 731 1009 784 aquilae
1026 730 1247 770 admonitus
1266 738 1334 768 vo-

201 786 309 832 latu3
341 789 519 828 conclave
537 787 651 835 illud,
672 787 741 825 ubi
760 794 840 825 erat
865 798 1085 833 mansurus,
1110 785 1143 824 si
1164 785 1219 824 ire
1244 797 1332 846 per-

200 840 1227 957 {wabazssfffzzffsspssffezfflssxgffifflss
1245 838 1337 945 {⁹233

199 963 350 1001 gressus
369 960 466 991 oeset
485 952 699 990 multorum
718 950 870 989 dierum
889 949 1006 988 viam.
1035 949 1162 1000 Cujus
1173 947 1333 1001 quidem

199 1004 272 1044 hoc
291 1007 628 1058 praeclarissimum
647 1013 717 1052 est,
730 1003 858 1070 quod,
874 1011 1127 1056 posteaquam
1145 1016 1170 1042 a
1183 1002 1336 1042 Caeme

203 1061 421 1109 tetrarchia,
443 1074 574 1113 regno,
603 1059 844 1122 pecuniaque
861 1059 1050 1097 multatus
1069 1065 1139 1106 est,
1160 1064 1277 1110 negat
1294 1069 1336 1096 se

201 1121 332 1153 tamen
352 1129 485 1154 eorum
505 1115 779 1167 auspiciorum,
807 1127 896 1166 quae
921 1113 995 1152 sibi
1023 1112 1074 1151 ad
1100 1112 1335 1164 Pompeium

202 1170 454 1231 proficiscenti
488 1169 653 1209 secunda
690 1169 899 1215 evenerint,
929 1167 1137 1230 paenitere:
1181 1169 1335 1206 senatus

202 1224 306 1262 enim
325 1225 604 1272 auctoritatem,
626 1233 664 1263 et
682 1223 818 1275 populi
837 1221 1008 1262 Romani
1026 1222 1258 1270 libertam,
1277 1229 1336 1259 at-

200 1291 277 1330 que
305 1279 455 1331 imperii
484 1279 727 1331 dignitatem,
748 1277 826 1316 suis
853 1277 972 1316 armis
997 1289 1077 1316 esse
1104 1275 1332 1322 defensam3

201 1333 352 1385 sibique
375 1347 437 1372 eas
456 1347 557 1381 aves,
578 1333 720 1386 quibus
735 1331 955 1371 auctoribus
973 1330 1145 1370 officium
1163 1338 1202 1370 et
1215 1304 1334 1369 fideui

201 1396 353 1427 secutus
384 1396 493 1436 esset,
525 1390 623 1427 bene
652 1387 904 1426 consuluisse:
941 1385 1199 1437 antiquiorem
1229 1383 1332 1423 enim

203 1442 275 1481 sibi
300 1442 416 1481 fuisse
444 1442 745 1495 possessionibus
765 1441 843 1480 suis
861 1440 1037 1492 gloriam.
1068 1439 1143 1478 Ille
1161 1438 1258 1478 mihi
1277 1439 1335 1477 vi-

202 1496 314 1535 detur
333 1497 450 1548 igitur
466 1511 551 1536 vere
570 1496 764 1549 augurari.
806 1495 914 1534 Nam
934 1494 1052 1533 nostri
1071 1493 1229 1546 quidem
1248 1506 1333 1532 ma—

201 1551 382 1603 gistratus
401 1552 579 1605 auspiciis
595 1560 759 1590 utuntur
777 1549 938 1589 coactis.
970 1562 1119 1588 necesse
1137 1548 1242 1586 enim
1262 1556 1332 1596 est,

203 1605 289 1644 offa
315 1607 477 1656 objecta
499 1606 631 1645 cadere
650 1605 817 1644 frustum
837 1617 885 1642 ex
903 1604 1002 1656 puni
1025 1616 1103 1650 ore,
1131 1615 1220 1641 cum
1246 1615 1334 1655 pas·

202 1660 312 1698 citur.
330 1661 448 1709 Quod
460 1670 590 1700 autem
603 1660 787 1712 scriptum
803 1659 964 1703 habetis
977 1657 1106 1710 [hinc]
1117 1657 1333 1709 tripudium

201 1714 297 1760 fieri,
319 1716 350 1753 si
371 1729 418 1754 ex
438 1729 483 1754 ea
502 1715 625 1768 quid
616 1727 656 1753 m
686 1714 811 1753 solum
832 1713 1032 1758 ceciderit;
1063 1712 1135 1751 hoc
1160 1724 1332 1764 quoque,

202 1769 308 1821 quod
338 1769 434 1818 dixi,
467 1778 656 1815 coactum,
690 1768 906 1821 tripudium
936 1767 1166 1806 solistimum
1195 1766 1333 1805 dicitis.

203 1823 343 1875 Itaque
370 1825 496 1862 multa
524 1824 700 1885 auguria,
730 1823 857 1862 multa
879 1822 1062 1874 auspicia,
1088 1820 1210 1873 (quod
1236 1820 1337 1860 cm

201 1878 267 1916 ille
308 1878 457 1930 sapiens
495 1879 684 1931 queritur)
717 1877 953 1930 negligentia
989 1876 1154 1928 collegii,
1193 1874 1335 1914 amissa

203 1932 320 1984 plane
335 1940 373 1970 et
391 1932 538 1972 deserta
556 1941 657 1972 sunt.

258 1986 379 2026 XVI.
409 1987 521 2025 Nihil
541 1987 618 2026 fere
637 1987 833 2040 quondam
853 1986 1009 2037 majoris
1028 1985 1096 2032 rei,
1113 1984 1186 2023 nisi
1204 1983 1336 2036 auspi·

203 2049 302 2089 aito,
336 2053 385 2080 ne
412 2042 494 2094 priv
498 2042 592 2080 atim
622 2043 794 2094 quidem,
824 2043 1052 2094 gerebaturz
1083 2039 1187 2092 quod
1215 2038 1332 2078 etiam

203 2107 307 2134 nunc
333 2097 556 2148 nuptiarum
584 2098 754 2149 auspices
782 2097 989 2142 declarant,
1013 2094 1096 2147 qui,
1117 2107 1158 2132 re
1175 2092 1332 2140 omissa,

202 2161 344 2190 nomen
364 2157 517 2189 tantum
537 2160 679 2190 tenent.
730 2151 852 2200 Nam,
875 2159 920 2190 ut
938 2163 1041 2189 nunc
1059 2148 1157 2188 extis
1176 2151 1334 2200 (quam-

200 2217 320 2256 quam
337 2204 407 2245 id
396 2218 525 2258 ipsum
544 2206 744 2259 aliquanto
754 2206 885 2247 minus
903 2217 1024 2259 quam
1034 2203 1162 2252 olim),
1174 2202 1227 2243 sic
1245 2210 1334 2241 tum
