<?xml version="1.0" encoding="UTF-8"?>
<!DOCTYPE html PUBLIC "-//W3C//DTD XHTML 1.0 Transitional//EN"
    "http://www.w3.org/TR/xhtml1/DTD/xhtml1-transitional.dtd">
<html xmlns="http://www.w3.org/1999/xhtml" xml:lang="en" lang="en">
 <head>
  <title>
</title>
<meta http-equiv="Content-Type" content="text/html;charset=utf-8" />
  <meta name='ocr-system' content='tesseract 3.04.00' />
  <meta name='ocr-capabilities' content='ocr_page ocr_carea ocr_par ocr_line ocrx_word'/>
</head>
<body>
  <div class='ocr_page' id='page_1' title='image "./operaern04ciceuoft_0165.png"; bbox 0 0 1470 2402; ppageno 0'>
   <div class='ocr_carea' id='block_1_1' title="bbox 319 92 1265 143">
    <p class='ocr_par' dir='ltr' id='par_1_1' title="bbox 319 92 1265 143">
     <span class='ocr_line' id='line_1_1' title="bbox 319 92 1265 143; baseline 0.001 -10"><span class='ocrx_word' id='word_1_1' title='bbox 319 92 400 133; x_wconf 90' lang='lat' dir='ltr'><strong>DE</strong></span> <span class='ocrx_word' id='word_1_2' title='bbox 428 93 695 143; x_wconf 83' lang='lat' dir='ltr'>LEGIBUS,</span> <span class='ocrx_word' id='word_1_3' title='bbox 716 93 818 134; x_wconf 78' lang='lat' dir='ltr'><strong>Lm.</strong></span> <span class='ocrx_word' id='word_1_4' title='bbox 840 93 874 133; x_wconf 88' lang='grc' dir='ltr'><strong>Ι.</strong></span> <span class='ocrx_word' id='word_1_5' title='bbox 897 93 1004 133; x_wconf 81' lang='lat' dir='ltr'>CAP.</span> <span class='ocrx_word' id='word_1_6' title='bbox 1025 96 1091 133; x_wconf 79' lang='lat'><strong>24.</strong></span> <span class='ocrx_word' id='word_1_7' title='bbox 1191 96 1265 134; x_wconf 87' lang='lat'><strong>151</strong></span> 
     </span>
    </p>
   </div>
   <div class='ocr_carea' id='block_1_2' title="bbox 135 201 1283 2273">
    <p class='ocr_par' dir='ltr' id='par_1_2' title="bbox 140 201 1275 583">
     <span class='ocr_line' id='line_1_2' title="bbox 140 201 1272 256; baseline 0.002 -15"><span class='ocrx_word' id='word_1_8' title='bbox 140 201 361 242; x_wconf 81' lang='lat' dir='ltr'>mulacrum</span> <span class='ocrx_word' id='word_1_9' title='bbox 396 202 568 255; x_wconf 82' lang='lat' dir='ltr'>aliquod,</span> <span class='ocrx_word' id='word_1_10' title='bbox 608 202 828 242; x_wconf 89' lang='lat' dir='ltr'><strong>dedicatum</strong></span> <span class='ocrx_word' id='word_1_11' title='bbox 864 203 1043 255; x_wconf 79' lang='lat' dir='ltr'><strong>putabit3</strong></span> <span class='ocrx_word' id='word_1_12' title='bbox 1086 210 1272 256; x_wconf 78' lang='lat' dir='ltr'><strong>tantoque</strong></span> 
     </span>
     <span class='ocr_line' id='line_1_3' title="bbox 141 256 1273 310; baseline 0.002 -15"><span class='ocrx_word' id='word_1_13' title='bbox 141 269 305 296; x_wconf 89' lang='lat' dir='ltr'><strong>munere</strong></span> <span class='ocrx_word' id='word_1_14' title='bbox 323 256 500 296; x_wconf 84' lang='lat' dir='ltr'>Deorum</span> <span class='ocrx_word' id='word_1_15' title='bbox 518 270 669 310; x_wconf 88' lang='lat' dir='ltr'>semper</span> <span class='ocrx_word' id='word_1_16' title='bbox 688 257 852 309; x_wconf 85' lang='lat' dir='ltr'><strong>dignum</strong></span> <span class='ocrx_word' id='word_1_17' title='bbox 871 257 1020 310; x_wconf 90' lang='lat' dir='ltr'><strong>aliquid</strong></span> <span class='ocrx_word' id='word_1_18' title='bbox 1039 265 1076 296; x_wconf 85' lang='lat' dir='ltr'><strong>et</strong></span> <span class='ocrx_word' id='word_1_19' title='bbox 1103 257 1216 297; x_wconf 88' lang='lat' dir='ltr'><strong>faciet</strong></span> <span class='ocrx_word' id='word_1_20' title='bbox 1235 266 1273 297; x_wconf 92' lang='lat' dir='ltr'><strong>et</strong></span> 
     </span>
     <span class='ocr_line' id='line_1_4' title="bbox 140 311 1275 364; baseline 0.002 -15"><span class='ocrx_word' id='word_1_21' title='bbox 140 311 305 350; x_wconf 86' lang='lat' dir='ltr'><strong>sentiet:</strong></span> <span class='ocrx_word' id='word_1_22' title='bbox 335 319 386 359; x_wconf 87' lang='lat' dir='ltr'><strong>et,</strong></span> <span class='ocrx_word' id='word_1_23' title='bbox 400 325 490 351; x_wconf 84' lang='lat' dir='ltr'><strong>cum</strong></span> <span class='ocrx_word' id='word_1_24' title='bbox 509 326 548 352; x_wconf 90' lang='lat' dir='ltr'><strong>se</strong></span> <span class='ocrx_word' id='word_1_25' title='bbox 566 312 647 364; x_wconf 92' lang='lat' dir='ltr'><strong>ipse</strong></span> <span class='ocrx_word' id='word_1_26' title='bbox 664 312 834 360; x_wconf 71' lang='lat' dir='ltr'><strong>tentarit,</strong></span> <span class='ocrx_word' id='word_1_27' title='bbox 848 320 1051 363; x_wconf 86' lang='lat' dir='ltr'><strong>totumque</strong></span> <span class='ocrx_word' id='word_1_28' title='bbox 1069 325 1275 364; x_wconf 82' lang='lat' dir='ltr'><strong>perspexe-</strong></span> 
     </span>
     <span class='ocr_line' id='line_1_5' title="bbox 141 365 1272 429; baseline 0.002 -25"><span class='ocrx_word' id='word_1_29' title='bbox 141 365 218 412; x_wconf 85' lang='lat' dir='ltr'><strong>rit;</strong></span> <span class='ocrx_word' id='word_1_30' title='bbox 249 366 452 418; x_wconf 85' lang='lat' dir='ltr'><strong>intelliget,</strong></span> <span class='ocrx_word' id='word_1_31' title='bbox 461 367 803 429; x_wconf 85' lang='lat' dir='ltr'><strong>quemadmodum</strong></span> <span class='ocrx_word' id='word_1_32' title='bbox 829 380 852 405; x_wconf 92' lang='lat' dir='ltr'><strong>a</strong></span> <span class='ocrx_word' id='word_1_33' title='bbox 877 367 1016 404; x_wconf 87' lang='lat' dir='ltr'><strong>natura</strong></span> <span class='ocrx_word' id='word_1_34' title='bbox 1042 368 1272 406; x_wconf 91' lang='lat' dir='ltr'><strong>subornatus</strong></span> 
     </span>
     <span class='ocr_line' id='line_1_6' title="bbox 141 420 1272 474; baseline 0.001 -16"><span class='ocrx_word' id='word_1_35' title='bbox 141 420 184 458; x_wconf 90' lang='lat' dir='ltr'><strong>in</strong></span> <span class='ocrx_word' id='word_1_36' title='bbox 204 421 324 459; x_wconf 80' lang='lat' dir='ltr'><strong>vitam</strong></span> <span class='ocrx_word' id='word_1_37' title='bbox 343 421 503 468; x_wconf 87' lang='lat' dir='ltr'><strong>venerit,</strong></span> <span class='ocrx_word' id='word_1_38' title='bbox 523 430 746 474; x_wconf 84' lang='lat' dir='ltr'><strong>quantaque</strong></span> <span class='ocrx_word' id='word_1_39' title='bbox 772 422 1029 460; x_wconf 87' lang='lat' dir='ltr'><strong>instrumenta</strong></span> <span class='ocrx_word' id='word_1_40' title='bbox 1054 421 1193 459; x_wconf 84' lang='lat' dir='ltr'><strong>habeat</strong></span> <span class='ocrx_word' id='word_1_41' title='bbox 1223 421 1272 459; x_wconf 92' lang='lat' dir='ltr'><strong>ad</strong></span> 
     </span>
     <span class='ocr_line' id='line_1_7' title="bbox 141 474 1270 537; baseline 0.001 -25"><span class='ocrx_word' id='word_1_42' title='bbox 141 474 392 514; x_wconf 83' lang='lat' dir='ltr'><strong>obtinendam</strong></span> <span class='ocrx_word' id='word_1_43' title='bbox 419 475 781 528; x_wconf 84' lang='lat' dir='ltr'><strong>adipiscendamque</strong></span> <span class='ocrx_word' id='word_1_44' title='bbox 799 476 1053 537; x_wconf 84' lang='lat' dir='ltr'><strong>sapientiam.</strong></span> <span class='ocrx_word' id='word_1_45' title='bbox 1084 476 1270 527; x_wconf 88' lang='lat' dir='ltr'><strong>quoniam</strong></span> 
     </span>
     <span class='ocr_line' id='line_1_8' title="bbox 145 528 1272 591; baseline 0 -24"><span class='ocrx_word' id='word_1_46' title='bbox 145 528 374 591; x_wconf 84' lang='lat' dir='ltr'><strong>[principio]</strong></span> <span class='ocrx_word' id='word_1_47' title='bbox 395 543 525 569; x_wconf 91' lang='lat' dir='ltr'><strong>rerum</strong></span> <span class='ocrx_word' id='word_1_48' title='bbox 544 531 722 569; x_wconf 88' lang='lat' dir='ltr'><strong>omnium</strong></span> <span class='ocrx_word' id='word_1_49' title='bbox 740 531 851 583; x_wconf 88' lang='lat' dir='ltr'>quasi</span> <span class='ocrx_word' id='word_1_50' title='bbox 868 530 1117 569; x_wconf 84' lang='lat' dir='ltr'><strong>adumbratas</strong></span> <span class='ocrx_word' id='word_1_51' title='bbox 1129 530 1272 568; x_wconf 85' lang='lat' dir='ltr'><strong>intelli</strong></span> 
     </span>
    </p>

    <p class='ocr_par' dir='ltr' id='par_1_3' title="bbox 135 584 1275 741">
     <span class='ocr_line' id='line_1_9' title="bbox 135 584 1275 647; baseline 0 -25"><span class='ocrx_word' id='word_1_52' title='bbox 135 584 290 635; x_wconf 81' lang='lat' dir='ltr'><strong>gentias</strong></span> <span class='ocrx_word' id='word_1_53' title='bbox 309 584 438 624; x_wconf 89' lang='lat' dir='ltr'><strong>animo</strong></span> <span class='ocrx_word' id='word_1_54' title='bbox 457 598 501 623; x_wconf 91' lang='lat' dir='ltr'><strong>ac</strong></span> <span class='ocrx_word' id='word_1_55' title='bbox 519 594 648 624; x_wconf 89' lang='lat' dir='ltr'><strong>mente</strong></span> <span class='ocrx_word' id='word_1_56' title='bbox 667 585 907 647; x_wconf 81' lang='lat' dir='ltr'><strong>conceperit;</strong></span> <span class='ocrx_word' id='word_1_57' title='bbox 939 585 1080 636; x_wconf 91' lang='lat' dir='ltr'><strong>quibus</strong></span> <span class='ocrx_word' id='word_1_58' title='bbox 1106 585 1275 623; x_wconf 83' lang='lat' dir='ltr'><strong>illustra-</strong></span> 
     </span>
     <span class='ocr_line' id='line_1_10' title="bbox 143 639 1272 691; baseline 0 -14"><span class='ocrx_word' id='word_1_59' title='bbox 143 645 222 686; x_wconf 89' lang='lat' dir='ltr'><strong>tus,</strong></span> <span class='ocrx_word' id='word_1_60' title='bbox 238 639 425 690; x_wconf 86' lang='lat' dir='ltr'>sapientia</span> <span class='ocrx_word' id='word_1_61' title='bbox 444 639 555 687; x_wconf 89' lang='lat' dir='ltr'><strong>duce,</strong></span> <span class='ocrx_word' id='word_1_62' title='bbox 575 641 723 679; x_wconf 90' lang='lat' dir='ltr'><strong>bonum</strong></span> <span class='ocrx_word' id='word_1_63' title='bbox 743 641 884 689; x_wconf 87' lang='lat' dir='ltr'><strong>virum,</strong></span> <span class='ocrx_word' id='word_1_64' title='bbox 905 646 956 689; x_wconf 85' lang='lat' dir='ltr'><strong>et,</strong></span> <span class='ocrx_word' id='word_1_65' title='bbox 977 641 1026 678; x_wconf 93' lang='lat' dir='ltr'><strong>ob</strong></span> <span class='ocrx_word' id='word_1_66' title='bbox 1041 651 1128 678; x_wconf 88' lang='lat' dir='ltr'><strong>eam</strong></span> <span class='ocrx_word' id='word_1_67' title='bbox 1145 639 1272 691; x_wconf 87' lang='lat' dir='ltr'><strong>ipsam</strong></span> 
     </span>
     <span class='ocr_line' id='line_1_11' title="bbox 142 694 810 741; baseline 0.001 -10"><span class='ocrx_word' id='word_1_68' title='bbox 142 706 313 741; x_wconf 84' lang='lat' dir='ltr'><strong>causam,</strong></span> <span class='ocrx_word' id='word_1_69' title='bbox 333 702 462 732; x_wconf 89' lang='lat' dir='ltr'><strong>cernat</strong></span> <span class='ocrx_word' id='word_1_70' title='bbox 481 707 520 733; x_wconf 91' lang='lat' dir='ltr'><strong>se</strong></span> <span class='ocrx_word' id='word_1_71' title='bbox 540 696 699 733; x_wconf 91' lang='lat' dir='ltr'><strong>beatum</strong></span> <span class='ocrx_word' id='word_1_72' title='bbox 717 694 810 733; x_wconf 85' lang='lat' dir='ltr'><strong>fore.</strong></span> 
     </span>
    </p>

    <p class='ocr_par' dir='ltr' id='par_1_4' title="bbox 145 748 1280 1346">
     <span class='ocr_line' id='line_1_12' title="bbox 198 748 1275 800; baseline 0 -14"><span class='ocrx_word' id='word_1_73' title='bbox 198 748 370 787; x_wconf 87' lang='lat' dir='ltr'>XXIII.</span> <span class='ocrx_word' id='word_1_74' title='bbox 401 749 442 787; x_wconf 85' lang='lat' dir='ltr'>N</span> <span class='ocrx_word' id='word_1_75' title='bbox 446 761 524 797; x_wconf 88' lang='lat' dir='ltr'><strong>am,</strong></span> <span class='ocrx_word' id='word_1_76' title='bbox 545 762 635 787; x_wconf 90' lang='lat' dir='ltr'><strong>cum</strong></span> <span class='ocrx_word' id='word_1_77' title='bbox 654 749 821 795; x_wconf 89' lang='lat' dir='ltr'><strong>animus,</strong></span> <span class='ocrx_word' id='word_1_78' title='bbox 835 748 995 800; x_wconf 87' lang='lat' dir='ltr'><strong>cognitis</strong></span> <span class='ocrx_word' id='word_1_79' title='bbox 1009 748 1275 800; x_wconf 85' lang='lat' dir='ltr'><strong>perceptisque</strong></span> 
     </span>
     <span class='ocr_line' id='line_1_13' title="bbox 145 802 1277 856; baseline 0 -15"><span class='ocrx_word' id='word_1_80' title='bbox 145 802 366 850; x_wconf 83' lang='lat' dir='ltr'><strong>virtutibus,</strong></span> <span class='ocrx_word' id='word_1_81' title='bbox 381 816 403 840; x_wconf 90' lang='lat' dir='ltr'><strong>a</strong></span> <span class='ocrx_word' id='word_1_82' title='bbox 422 803 588 855; x_wconf 88' lang='lat' dir='ltr'><strong>corporis</strong></span> <span class='ocrx_word' id='word_1_83' title='bbox 605 803 788 856; x_wconf 91' lang='lat' dir='ltr'><strong>obsequio</strong></span> <span class='ocrx_word' id='word_1_84' title='bbox 806 803 1124 854; x_wconf 71' lang='lat' dir='ltr'><strong>indulgentiaque</strong></span> <span class='ocrx_word' id='word_1_85' title='bbox 1138 803 1277 841; x_wconf 85' lang='lat' dir='ltr'><strong>disces-</strong></span> 
     </span>
     <span class='ocr_line' id='line_1_14' title="bbox 145 857 1273 910; baseline 0 -14"><span class='ocrx_word' id='word_1_86' title='bbox 145 857 250 904; x_wconf 85' lang='lat' dir='ltr'><strong>serit,</strong></span> <span class='ocrx_word' id='word_1_87' title='bbox 274 857 604 910; x_wconf 83' lang='lat' dir='ltr'><strong>voluptatemque,</strong></span> <span class='ocrx_word' id='word_1_88' title='bbox 630 858 727 897; x_wconf 88' lang='lat' dir='ltr'><strong>sicut</strong></span> <span class='ocrx_word' id='word_1_89' title='bbox 754 859 882 897; x_wconf 87' lang='lat' dir='ltr'><strong>labem</strong></span> <span class='ocrx_word' id='word_1_90' title='bbox 910 858 1082 909; x_wconf 84' lang='lat' dir='ltr'><strong>aliquam</strong></span> <span class='ocrx_word' id='word_1_91' title='bbox 1116 857 1273 905; x_wconf 74' lang='lat' dir='ltr'><strong>decoris,</strong></span> 
     </span>
     <span class='ocr_line' id='line_1_15' title="bbox 146 911 1274 964; baseline -0.001 -14"><span class='ocrx_word' id='word_1_92' title='bbox 146 912 387 963; x_wconf 83' lang='lat' dir='ltr'><strong>oppresserit,</strong></span> <span class='ocrx_word' id='word_1_93' title='bbox 420 925 654 964; x_wconf 89' lang='lat' dir='ltr'><strong>omnemque</strong></span> <span class='ocrx_word' id='word_1_94' title='bbox 686 913 820 951; x_wconf 85' lang='lat' dir='ltr'><strong>mortis</strong></span> <span class='ocrx_word' id='word_1_95' title='bbox 848 912 1064 963; x_wconf 73' lang='lat' dir='ltr'><strong>dolorisque</strong></span> <span class='ocrx_word' id='word_1_96' title='bbox 1096 911 1274 950; x_wconf 82' lang='lat' dir='ltr'><strong>timorem</strong></span> 
     </span>
     <span class='ocr_line' id='line_1_16' title="bbox 146 966 1273 1019; baseline 0 -15"><span class='ocrx_word' id='word_1_97' title='bbox 146 966 338 1018; x_wconf 86' lang='lat' dir='ltr'><strong>effugerit,</strong></span> <span class='ocrx_word' id='word_1_98' title='bbox 369 967 663 1019; x_wconf 85' lang='lat' dir='ltr'><strong>societatemque</strong></span> <span class='ocrx_word' id='word_1_99' title='bbox 695 967 860 1005; x_wconf 89' lang='lat' dir='ltr'><strong>caritatis</strong></span> <span class='ocrx_word' id='word_1_100' title='bbox 892 967 1020 1005; x_wconf 89' lang='lat' dir='ltr'><strong>coierit</strong></span> <span class='ocrx_word' id='word_1_101' title='bbox 1053 979 1142 1005; x_wconf 89' lang='lat' dir='ltr'><strong>cum</strong></span> <span class='ocrx_word' id='word_1_102' title='bbox 1181 966 1273 1013; x_wconf 84' lang='lat' dir='ltr'><strong>suis,</strong></span> 
     </span>
     <span class='ocr_line' id='line_1_17' title="bbox 146 1021 1277 1072; baseline -0.001 -13"><span class='ocrx_word' id='word_1_103' title='bbox 146 1033 370 1072; x_wconf 89' lang='lat' dir='ltr'><strong>omnesque,</strong></span> <span class='ocrx_word' id='word_1_104' title='bbox 392 1022 530 1059; x_wconf 70' lang='lat' dir='ltr'><strong>natura</strong></span> <span class='ocrx_word' id='word_1_105' title='bbox 549 1023 786 1071; x_wconf 87' lang='lat' dir='ltr'><strong>conjunctos,</strong></span> <span class='ocrx_word' id='word_1_106' title='bbox 813 1034 900 1059; x_wconf 89' lang='lat' dir='ltr'><strong>suos</strong></span> <span class='ocrx_word' id='word_1_107' title='bbox 919 1021 1087 1068; x_wconf 81' lang='lat' dir='ltr'><strong>duxerit,</strong></span> <span class='ocrx_word' id='word_1_108' title='bbox 1107 1021 1277 1059; x_wconf 86' lang='lat' dir='ltr'><strong>cultum-</strong></span> 
     </span>
     <span class='ocr_line' id='line_1_18' title="bbox 146 1075 1276 1128; baseline -0.002 -14"><span class='ocrx_word' id='word_1_109' title='bbox 146 1088 223 1127; x_wconf 89' lang='lat' dir='ltr'><strong>que</strong></span> <span class='ocrx_word' id='word_1_110' title='bbox 241 1075 418 1114; x_wconf 86' lang='lat' dir='ltr'><strong>Deorum</strong></span> <span class='ocrx_word' id='word_1_111' title='bbox 437 1084 475 1114; x_wconf 88' lang='lat' dir='ltr'><strong>et</strong></span> <span class='ocrx_word' id='word_1_112' title='bbox 493 1089 632 1128; x_wconf 89' lang='lat' dir='ltr'><strong>puram</strong></span> <span class='ocrx_word' id='word_1_113' title='bbox 650 1076 874 1127; x_wconf 88' lang='lat' dir='ltr'><strong>religionem</strong></span> <span class='ocrx_word' id='word_1_114' title='bbox 895 1075 1113 1127; x_wconf 89' lang='lat' dir='ltr'><strong>susceperit,</strong></span> <span class='ocrx_word' id='word_1_115' title='bbox 1134 1083 1170 1112; x_wconf 91' lang='lat' dir='ltr'><strong>et</strong></span> <span class='ocrx_word' id='word_1_116' title='bbox 1186 1088 1276 1113; x_wconf 82' lang='lat' dir='ltr'><strong>exa-</strong></span> 
     </span>
     <span class='ocr_line' id='line_1_19' title="bbox 145 1129 1278 1182; baseline -0.001 -14"><span class='ocrx_word' id='word_1_117' title='bbox 145 1129 267 1168; x_wconf 84' lang='lat' dir='ltr'><strong>cuerit</strong></span> <span class='ocrx_word' id='word_1_118' title='bbox 279 1130 403 1179; x_wconf 85' lang='lat' dir='ltr'><strong>illam,</strong></span> <span class='ocrx_word' id='word_1_119' title='bbox 424 1138 469 1168; x_wconf 88' lang='lat' dir='ltr'><strong>ut</strong></span> <span class='ocrx_word' id='word_1_120' title='bbox 487 1131 702 1179; x_wconf 91' lang='lat' dir='ltr'><strong>oculorum,</strong></span> <span class='ocrx_word' id='word_1_121' title='bbox 724 1131 775 1169; x_wconf 90' lang='lat' dir='ltr'><strong>sic</strong></span> <span class='ocrx_word' id='word_1_122' title='bbox 793 1130 939 1182; x_wconf 85' lang='lat' dir='ltr'><strong>ingenii</strong></span> <span class='ocrx_word' id='word_1_123' title='bbox 957 1130 1091 1179; x_wconf 86' lang='lat' dir='ltr'><strong>aciem,</strong></span> <span class='ocrx_word' id='word_1_124' title='bbox 1108 1129 1157 1167; x_wconf 91' lang='lat' dir='ltr'><strong>ad</strong></span> <span class='ocrx_word' id='word_1_125' title='bbox 1175 1131 1278 1168; x_wconf 88' lang='lat' dir='ltr'><strong>bona</strong></span> 
     </span>
     <span class='ocr_line' id='line_1_20' title="bbox 146 1184 1278 1238; baseline 0.001 -16"><span class='ocrx_word' id='word_1_126' title='bbox 146 1184 364 1236; x_wconf 88' lang='lat' dir='ltr'><strong>deligenda,</strong></span> <span class='ocrx_word' id='word_1_127' title='bbox 379 1192 416 1224; x_wconf 87' lang='lat' dir='ltr'><strong>et</strong></span> <span class='ocrx_word' id='word_1_128' title='bbox 434 1185 638 1235; x_wconf 88' lang='lat' dir='ltr'><strong>rejicienda</strong></span> <span class='ocrx_word' id='word_1_129' title='bbox 657 1185 845 1224; x_wconf 88' lang='lat' dir='ltr'><strong>contraria</strong></span> <span class='ocrx_word' id='word_1_130' title='bbox 864 1189 969 1238; x_wconf 85' lang='lat' dir='ltr'><strong>(quae</strong></span> <span class='ocrx_word' id='word_1_131' title='bbox 981 1185 1115 1231; x_wconf 86' lang='lat' dir='ltr'><strong>virtus,</strong></span> <span class='ocrx_word' id='word_1_132' title='bbox 1129 1197 1176 1222; x_wconf 78' lang='lat' dir='ltr'><strong>ex</strong></span> <span class='ocrx_word' id='word_1_133' title='bbox 1188 1197 1278 1236; x_wconf 92' lang='lat' dir='ltr'><strong>pro-</strong></span> 
     </span>
     <span class='ocr_line' id='line_1_21' title="bbox 145 1238 1280 1292; baseline -0.002 -14"><span class='ocrx_word' id='word_1_134' title='bbox 145 1238 325 1287; x_wconf 86' lang='lat' dir='ltr'><strong>videndo,</strong></span> <span class='ocrx_word' id='word_1_135' title='bbox 347 1248 403 1278; x_wconf 91' lang='lat' dir='ltr'><strong>est</strong></span> <span class='ocrx_word' id='word_1_136' title='bbox 420 1240 612 1292; x_wconf 82' lang='lat' dir='ltr'><strong>appellata</strong></span> <span class='ocrx_word' id='word_1_137' title='bbox 639 1239 890 1288; x_wconf 87' lang='lat' dir='ltr'><strong>Prudentia);</strong></span> <span class='ocrx_word' id='word_1_138' title='bbox 921 1239 1016 1292; x_wconf 90' lang='lat' dir='ltr'><strong>quid</strong></span> <span class='ocrx_word' id='word_1_139' title='bbox 1041 1251 1085 1278; x_wconf 91' lang='lat' dir='ltr'><strong>eo</strong></span> <span class='ocrx_word' id='word_1_140' title='bbox 1109 1238 1185 1277; x_wconf 86' lang='lat' dir='ltr'><strong>dici</strong></span> <span class='ocrx_word' id='word_1_141' title='bbox 1211 1246 1280 1277; x_wconf 87' lang='lat' dir='ltr'><strong>aut</strong></span> 
     </span>
     <span class='ocr_line' id='line_1_22' title="bbox 146 1294 659 1346; baseline 0 -14"><span class='ocrx_word' id='word_1_142' title='bbox 146 1294 308 1345; x_wconf 83' lang='lat' dir='ltr'><strong>cogitari</strong></span> <span class='ocrx_word' id='word_1_143' title='bbox 325 1294 465 1346; x_wconf 86' lang='lat' dir='ltr'><strong>poterit</strong></span> <span class='ocrx_word' id='word_1_144' title='bbox 482 1296 631 1334; x_wconf 88' lang='lat' dir='ltr'><strong>beatius</strong></span> <span class='ocrx_word' id='word_1_145' title='bbox 641 1295 659 1332; x_wconf 84' lang='lat'><strong>?</strong></span> 
     </span>
    </p>

    <p class='ocr_par' dir='ltr' id='par_1_5' title="bbox 147 1348 1281 1999">
     <span class='ocr_line' id='line_1_23' title="bbox 210 1348 1279 1401; baseline -0.001 -14"><span class='ocrx_word' id='word_1_146' title='bbox 210 1348 402 1401; x_wconf 90' lang='lat' dir='ltr'><strong>Idemque</strong></span> <span class='ocrx_word' id='word_1_147' title='bbox 430 1361 520 1387; x_wconf 90' lang='lat' dir='ltr'><strong>cum</strong></span> <span class='ocrx_word' id='word_1_148' title='bbox 549 1350 703 1395; x_wconf 84' lang='lat' dir='ltr'><strong>coelum,</strong></span> <span class='ocrx_word' id='word_1_149' title='bbox 735 1356 868 1397; x_wconf 83' lang='lat' dir='ltr'><strong>terras,</strong></span> <span class='ocrx_word' id='word_1_150' title='bbox 902 1348 1039 1396; x_wconf 87' lang='lat' dir='ltr'><strong>maria,</strong></span> <span class='ocrx_word' id='word_1_151' title='bbox 1070 1360 1279 1400; x_wconf 86' lang='lat' dir='ltr'><strong>rerumque</strong></span> 
     </span>
     <span class='ocr_line' id='line_1_24' title="bbox 148 1402 1275 1456; baseline 0.001 -16"><span class='ocrx_word' id='word_1_152' title='bbox 148 1402 326 1441; x_wconf 92' lang='lat' dir='ltr'><strong>omnium</strong></span> <span class='ocrx_word' id='word_1_153' title='bbox 344 1411 524 1442; x_wconf 87' lang='lat' dir='ltr'><strong>naturam</strong></span> <span class='ocrx_word' id='word_1_154' title='bbox 542 1404 790 1456; x_wconf 84' lang='lat' dir='ltr'><strong>perspexerit,</strong></span> <span class='ocrx_word' id='word_1_155' title='bbox 812 1416 933 1455; x_wconf 92' lang='lat' dir='ltr'><strong>eaque</strong></span> <span class='ocrx_word' id='word_1_156' title='bbox 950 1403 1055 1441; x_wconf 88' lang='lat' dir='ltr'><strong>unde</strong></span> <span class='ocrx_word' id='word_1_157' title='bbox 1080 1411 1275 1454; x_wconf 88' lang='lat' dir='ltr'><strong>generata,</strong></span> 
     </span>
     <span class='ocr_line' id='line_1_25' title="bbox 148 1457 1277 1510; baseline -0.001 -15"><span class='ocrx_word' id='word_1_158' title='bbox 148 1470 227 1508; x_wconf 92' lang='lat' dir='ltr'><strong>quo</strong></span> <span class='ocrx_word' id='word_1_159' title='bbox 240 1466 450 1505; x_wconf 81' lang='lat' dir='ltr'><strong>recurrant,</strong></span> <span class='ocrx_word' id='word_1_160' title='bbox 464 1458 633 1510; x_wconf 90' lang='lat' dir='ltr'><strong>quando,</strong></span> <span class='ocrx_word' id='word_1_161' title='bbox 650 1472 727 1510; x_wconf 90' lang='lat' dir='ltr'><strong>quo</strong></span> <span class='ocrx_word' id='word_1_162' title='bbox 741 1457 858 1496; x_wconf 92' lang='lat' dir='ltr'><strong>modo</strong></span> <span class='ocrx_word' id='word_1_163' title='bbox 876 1458 1041 1505; x_wconf 87' lang='lat' dir='ltr'><strong>obitura,</strong></span> <span class='ocrx_word' id='word_1_164' title='bbox 1062 1457 1157 1509; x_wconf 90' lang='lat' dir='ltr'><strong>quid</strong></span> <span class='ocrx_word' id='word_1_165' title='bbox 1175 1457 1215 1494; x_wconf 92' lang='lat' dir='ltr'><strong>in</strong></span> <span class='ocrx_word' id='word_1_166' title='bbox 1230 1457 1277 1495; x_wconf 90' lang='lat' dir='ltr'><strong>iis</strong></span> 
     </span>
     <span class='ocr_line' id='line_1_26' title="bbox 147 1511 1276 1565; baseline -0.001 -15"><span class='ocrx_word' id='word_1_167' title='bbox 147 1512 311 1551; x_wconf 82' lang='lat' dir='ltr'><strong>mortale</strong></span> <span class='ocrx_word' id='word_1_168' title='bbox 329 1521 367 1550; x_wconf 87' lang='lat' dir='ltr'><strong>et</strong></span> <span class='ocrx_word' id='word_1_169' title='bbox 381 1512 584 1561; x_wconf 84' lang='lat' dir='ltr'><strong>caducum,</strong></span> <span class='ocrx_word' id='word_1_170' title='bbox 605 1513 699 1565; x_wconf 86' lang='lat' dir='ltr'><strong>quid</strong></span> <span class='ocrx_word' id='word_1_171' title='bbox 719 1512 909 1561; x_wconf 84' lang='lat' dir='ltr'><strong>divinum,</strong></span> <span class='ocrx_word' id='word_1_172' title='bbox 931 1520 1194 1563; x_wconf 66' lang='lat' dir='ltr'><strong>aeternumque</strong></span> <span class='ocrx_word' id='word_1_173' title='bbox 1214 1511 1276 1559; x_wconf 85' lang='lat' dir='ltr'><strong>sit,</strong></span> 
     </span>
     <span class='ocr_line' id='line_1_27' title="bbox 149 1565 1279 1619; baseline 0 -16"><span class='ocrx_word' id='word_1_174' title='bbox 149 1565 312 1612; x_wconf 81' lang='lat' dir='ltr'><strong>viderit3</strong></span> <span class='ocrx_word' id='word_1_175' title='bbox 332 1566 539 1619; x_wconf 87' lang='lat' dir='ltr'><strong>ipsumque</strong></span> <span class='ocrx_word' id='word_1_176' title='bbox 558 1581 603 1606; x_wconf 89' lang='lat' dir='ltr'><strong>ea</strong></span> <span class='ocrx_word' id='word_1_177' title='bbox 619 1567 883 1605; x_wconf 72' lang='lat' dir='ltr'><strong>moderantem</strong></span> <span class='ocrx_word' id='word_1_178' title='bbox 903 1575 940 1605; x_wconf 89' lang='lat' dir='ltr'><strong>et</strong></span> <span class='ocrx_word' id='word_1_179' title='bbox 957 1574 1152 1618; x_wconf 85' lang='lat' dir='ltr'><strong>regentem</strong></span> <span class='ocrx_word' id='word_1_180' title='bbox 1166 1578 1279 1617; x_wconf 89' lang='lat' dir='ltr'><strong>paene</strong></span> 
     </span>
     <span class='ocr_line' id='line_1_28' title="bbox 149 1619 1281 1673; baseline -0.001 -15"><span class='ocrx_word' id='word_1_181' title='bbox 149 1619 406 1671; x_wconf 87' lang='lat' dir='ltr'><strong>prehenderit,</strong></span> <span class='ocrx_word' id='word_1_182' title='bbox 422 1635 577 1673; x_wconf 89' lang='lat' dir='ltr'><strong>seseque</strong></span> <span class='ocrx_word' id='word_1_183' title='bbox 590 1634 668 1660; x_wconf 93' lang='lat' dir='ltr'><strong>non</strong></span> <span class='ocrx_word' id='word_1_184' title='bbox 686 1620 835 1671; x_wconf 89' lang='lat' dir='ltr'><strong>[unius,</strong></span> <span class='ocrx_word' id='word_1_185' title='bbox 849 1621 1129 1660; x_wconf 84' lang='lat' dir='ltr'><strong>circumdatum</strong></span> <span class='ocrx_word' id='word_1_186' title='bbox 1141 1619 1281 1658; x_wconf 81' lang='lat' dir='ltr'><strong>moeni-</strong></span> 
     </span>
     <span class='ocr_line' id='line_1_29' title="bbox 150 1674 1276 1727; baseline 0.002 -16"><span class='ocrx_word' id='word_1_187' title='bbox 150 1675 239 1721; x_wconf 91' lang='lat' dir='ltr'><strong>bus,</strong></span> <span class='ocrx_word' id='word_1_188' title='bbox 254 1675 365 1727; x_wconf 83' lang='lat' dir='ltr'><strong>loci,]</strong></span> <span class='ocrx_word' id='word_1_189' title='bbox 380 1676 445 1713; x_wconf 88' lang='lat' dir='ltr'><strong>sed</strong></span> <span class='ocrx_word' id='word_1_190' title='bbox 463 1676 586 1714; x_wconf 91' lang='lat' dir='ltr'><strong>civem</strong></span> <span class='ocrx_word' id='word_1_191' title='bbox 604 1676 721 1714; x_wconf 86' lang='lat' dir='ltr'><strong>totius</strong></span> <span class='ocrx_word' id='word_1_192' title='bbox 734 1675 886 1723; x_wconf 82' lang='lat' dir='ltr'><strong>mundi,</strong></span> <span class='ocrx_word' id='word_1_193' title='bbox 901 1675 1010 1727; x_wconf 85' lang='lat' dir='ltr'><strong>quasi</strong></span> <span class='ocrx_word' id='word_1_194' title='bbox 1025 1675 1140 1712; x_wconf 85' lang='lat' dir='ltr'><strong>unius</strong></span> <span class='ocrx_word' id='word_1_195' title='bbox 1154 1674 1276 1722; x_wconf 88' lang='lat' dir='ltr'><strong>urbis,</strong></span> 
     </span>
     <span class='ocr_line' id='line_1_30' title="bbox 152 1728 1277 1781; baseline -0.001 -14"><span class='ocrx_word' id='word_1_196' title='bbox 152 1729 348 1779; x_wconf 88' lang='lat' dir='ltr'><strong>agnoverit</strong></span> <span class='ocrx_word' id='word_1_197' title='bbox 364 1743 377 1775; x_wconf 81' lang='lat'>3</span> <span class='ocrx_word' id='word_1_198' title='bbox 407 1729 447 1767; x_wconf 88' lang='lat' dir='ltr'><strong>in</strong></span> <span class='ocrx_word' id='word_1_199' title='bbox 465 1729 539 1768; x_wconf 90' lang='lat' dir='ltr'><strong>hac</strong></span> <span class='ocrx_word' id='word_1_200' title='bbox 556 1730 622 1768; x_wconf 88' lang='lat' dir='ltr'><strong>ille</strong></span> <span class='ocrx_word' id='word_1_201' title='bbox 640 1730 923 1781; x_wconf 70' lang='lat' dir='ltr'><strong>magnificentia</strong></span> <span class='ocrx_word' id='word_1_202' title='bbox 940 1742 1084 1774; x_wconf 87' lang='lat' dir='ltr'><strong>rerum,</strong></span> <span class='ocrx_word' id='word_1_203' title='bbox 1101 1736 1217 1779; x_wconf 90' lang='lat' dir='ltr'><strong>atque</strong></span> <span class='ocrx_word' id='word_1_204' title='bbox 1235 1728 1277 1766; x_wconf 94' lang='lat' dir='ltr'><strong>in</strong></span> 
     </span>
     <span class='ocr_line' id='line_1_31' title="bbox 150 1782 1279 1835; baseline -0.001 -14"><span class='ocrx_word' id='word_1_205' title='bbox 150 1782 224 1822; x_wconf 89' lang='lat' dir='ltr'><strong>hoc</strong></span> <span class='ocrx_word' id='word_1_206' title='bbox 238 1790 440 1835; x_wconf 85' lang='lat' dir='ltr'><strong>conspectu</strong></span> <span class='ocrx_word' id='word_1_207' title='bbox 453 1791 491 1823; x_wconf 89' lang='lat' dir='ltr'><strong>et</strong></span> <span class='ocrx_word' id='word_1_208' title='bbox 503 1784 717 1835; x_wconf 86' lang='lat' dir='ltr'><strong>cognitione</strong></span> <span class='ocrx_word' id='word_1_209' title='bbox 730 1793 892 1831; x_wconf 87' lang='lat' dir='ltr'><strong>naturae,</strong></span> <span class='ocrx_word' id='word_1_210' title='bbox 903 1783 990 1827; x_wconf 87' lang='lat' dir='ltr'><strong>(Dii</strong></span> <span class='ocrx_word' id='word_1_211' title='bbox 1000 1783 1235 1821; x_wconf 86' lang='lat' dir='ltr'><strong>immortales</strong></span> <span class='ocrx_word' id='word_1_212' title='bbox 1247 1783 1279 1831; x_wconf 70' lang='grc' dir='ltr'><strong>ἱ)</strong></span> 
     </span>
     <span class='ocr_line' id='line_1_32' title="bbox 151 1837 1279 1890; baseline -0.002 -14"><span class='ocrx_word' id='word_1_213' title='bbox 151 1850 270 1889; x_wconf 89' lang='lat' dir='ltr'><strong>quam</strong></span> <span class='ocrx_word' id='word_1_214' title='bbox 301 1838 383 1890; x_wconf 91' lang='lat' dir='ltr'><strong>ipse</strong></span> <span class='ocrx_word' id='word_1_215' title='bbox 414 1851 453 1876; x_wconf 94' lang='lat' dir='ltr'><strong>se</strong></span> <span class='ocrx_word' id='word_1_216' title='bbox 485 1839 637 1877; x_wconf 80' lang='lat' dir='ltr'><strong>noscet!</strong></span> <span class='ocrx_word' id='word_1_217' title='bbox 669 1838 775 1890; x_wconf 91' lang='lat' dir='ltr'><strong>quod</strong></span> <span class='ocrx_word' id='word_1_218' title='bbox 806 1838 954 1889; x_wconf 85' lang='lat' dir='ltr'><strong>Apollo</strong></span> <span class='ocrx_word' id='word_1_219' title='bbox 986 1837 1167 1889; x_wconf 85' lang='lat' dir='ltr'><strong>praecepit</strong></span> <span class='ocrx_word' id='word_1_220' title='bbox 1197 1837 1279 1888; x_wconf 83' lang='lat' dir='ltr'><strong>Py-</strong></span> 
     </span>
     <span class='ocr_line' id='line_1_33' title="bbox 151 1892 1280 1944; baseline -0.001 -14"><span class='ocrx_word' id='word_1_221' title='bbox 151 1892 269 1930; x_wconf 90' lang='lat' dir='ltr'><strong>thius.</strong></span> <span class='ocrx_word' id='word_1_222' title='bbox 309 1893 444 1941; x_wconf 85' lang='lat' dir='ltr'><strong>Quam</strong></span> <span class='ocrx_word' id='word_1_223' title='bbox 462 1900 693 1941; x_wconf 89' lang='lat' dir='ltr'><strong>contemnet,</strong></span> <span class='ocrx_word' id='word_1_224' title='bbox 713 1905 833 1944; x_wconf 90' lang='lat' dir='ltr'><strong>quam</strong></span> <span class='ocrx_word' id='word_1_225' title='bbox 856 1892 1048 1944; x_wconf 59' lang='lat' dir='ltr'><strong>despiciet,</strong></span> <span class='ocrx_word' id='word_1_226' title='bbox 1070 1904 1189 1943; x_wconf 84' lang='lat' dir='ltr'><strong>quam</strong></span> <span class='ocrx_word' id='word_1_227' title='bbox 1208 1904 1280 1942; x_wconf 90' lang='lat' dir='ltr'><strong>pro</strong></span> 
     </span>
     <span class='ocr_line' id='line_1_34' title="bbox 151 1946 1237 2007; baseline -0.002 -22"><span class='ocrx_word' id='word_1_228' title='bbox 151 1946 274 1985; x_wconf 89' lang='lat' dir='ltr'><strong>nihilo</strong></span> <span class='ocrx_word' id='word_1_229' title='bbox 291 1947 459 1998; x_wconf 88' lang='lat' dir='ltr'><strong>putabit,</strong></span> <span class='ocrx_word' id='word_1_230' title='bbox 480 1960 524 1985; x_wconf 88' lang='lat' dir='ltr'><strong>ea</strong></span> <span class='ocrx_word' id='word_1_231' title='bbox 535 1960 623 1999; x_wconf 85' lang='lat' dir='ltr'><strong>quae</strong></span> <span class='ocrx_word' id='word_1_232' title='bbox 641 1947 758 1998; x_wconf 83' lang='lat' dir='ltr'><strong>vulgo</strong></span> <span class='ocrx_word' id='word_1_233' title='bbox 777 1947 958 1985; x_wconf 82' lang='lat' dir='ltr'><strong>dicuntur</strong></span> <span class='ocrx_word' id='word_1_234' title='bbox 975 1946 1237 2007; x_wconf 78' lang='lat' dir='ltr'><strong>amplissima!</strong></span> 
     </span>
    </p>

    <p class='ocr_par' dir='ltr' id='par_1_6' title="bbox 152 2000 1283 2273">
     <span class='ocr_line' id='line_1_35' title="bbox 226 2000 1281 2063; baseline -0.002 -23"><span class='ocrx_word' id='word_1_235' title='bbox 226 2001 390 2040; x_wconf 90' lang='lat' dir='ltr'>XXIV.</span> <span class='ocrx_word' id='word_1_236' title='bbox 443 2001 580 2053; x_wconf 90' lang='lat' dir='ltr'><strong>Atque</strong></span> <span class='ocrx_word' id='word_1_237' title='bbox 616 2002 698 2040; x_wconf 84' lang='lat' dir='ltr'><strong>haec</strong></span> <span class='ocrx_word' id='word_1_238' title='bbox 737 2001 881 2063; x_wconf 84' lang='lat' dir='ltr'><strong>omnia,</strong></span> <span class='ocrx_word' id='word_1_239' title='bbox 919 2001 1029 2053; x_wconf 86' lang='lat' dir='ltr'><strong>quasi</strong></span> <span class='ocrx_word' id='word_1_240' title='bbox 1066 2000 1281 2051; x_wconf 88' lang='lat' dir='ltr'><strong>sepimento</strong></span> 
     </span>
     <span class='ocr_line' id='line_1_36' title="bbox 152 2054 1280 2107; baseline -0.002 -14"><span class='ocrx_word' id='word_1_241' title='bbox 152 2055 298 2107; x_wconf 88' lang='lat' dir='ltr'><strong>aliquo,</strong></span> <span class='ocrx_word' id='word_1_242' title='bbox 319 2056 478 2094; x_wconf 88' lang='lat' dir='ltr'><strong>vallabit</strong></span> <span class='ocrx_word' id='word_1_243' title='bbox 496 2055 702 2094; x_wconf 85' lang='lat' dir='ltr'><strong>disserendi</strong></span> <span class='ocrx_word' id='word_1_244' title='bbox 720 2056 880 2104; x_wconf 90' lang='lat' dir='ltr'><strong>ratione,</strong></span> <span class='ocrx_word' id='word_1_245' title='bbox 901 2055 980 2094; x_wconf 88' lang='lat' dir='ltr'><strong>veri</strong></span> <span class='ocrx_word' id='word_1_246' title='bbox 1002 2062 1040 2093; x_wconf 90' lang='lat' dir='ltr'><strong>et</strong></span> <span class='ocrx_word' id='word_1_247' title='bbox 1064 2054 1151 2093; x_wconf 85' lang='lat' dir='ltr'><strong>falsi</strong></span> <span class='ocrx_word' id='word_1_248' title='bbox 1173 2054 1280 2103; x_wconf 88' lang='lat' dir='ltr'><strong>judi-</strong></span> 
     </span>
     <span class='ocr_line' id='line_1_37' title="bbox 153 2108 1283 2163; baseline -0.002 -16"><span class='ocrx_word' id='word_1_249' title='bbox 153 2109 267 2148; x_wconf 86' lang='lat' dir='ltr'><strong>candi</strong></span> <span class='ocrx_word' id='word_1_250' title='bbox 291 2109 492 2163; x_wconf 85' lang='lat' dir='ltr'><strong>disciplina</strong></span> <span class='ocrx_word' id='word_1_251' title='bbox 516 2117 554 2148; x_wconf 88' lang='lat' dir='ltr'><strong>et</strong></span> <span class='ocrx_word' id='word_1_252' title='bbox 579 2109 746 2159; x_wconf 85' lang='lat' dir='ltr'><strong>scientia,</strong></span> <span class='ocrx_word' id='word_1_253' title='bbox 779 2117 815 2148; x_wconf 91' lang='lat' dir='ltr'><strong>et</strong></span> <span class='ocrx_word' id='word_1_254' title='bbox 840 2117 921 2148; x_wconf 83' lang='lat' dir='ltr'><strong>arte</strong></span> <span class='ocrx_word' id='word_1_255' title='bbox 945 2108 1113 2162; x_wconf 88' lang='lat' dir='ltr'><strong>quadam</strong></span> <span class='ocrx_word' id='word_1_256' title='bbox 1138 2108 1283 2146; x_wconf 86' lang='lat' dir='ltr'><strong>intelli-</strong></span> 
     </span>
     <span class='ocr_line' id='line_1_38' title="bbox 154 2162 1278 2217; baseline -0.001 -16"><span class='ocrx_word' id='word_1_257' title='bbox 154 2163 286 2214; x_wconf 86' lang='lat' dir='ltr'><strong>gendi,</strong></span> <span class='ocrx_word' id='word_1_258' title='bbox 305 2165 402 2217; x_wconf 90' lang='lat' dir='ltr'><strong>quid</strong></span> <span class='ocrx_word' id='word_1_259' title='bbox 419 2177 618 2217; x_wconf 88' lang='lat' dir='ltr'><strong>quamque</strong></span> <span class='ocrx_word' id='word_1_260' title='bbox 634 2178 717 2204; x_wconf 91' lang='lat' dir='ltr'><strong>rem</strong></span> <span class='ocrx_word' id='word_1_261' title='bbox 736 2171 930 2217; x_wconf 85' lang='lat' dir='ltr'><strong>sequatur,</strong></span> <span class='ocrx_word' id='word_1_262' title='bbox 957 2172 995 2202; x_wconf 89' lang='lat' dir='ltr'><strong>et</strong></span> <span class='ocrx_word' id='word_1_263' title='bbox 1013 2163 1109 2216; x_wconf 84' lang='lat' dir='ltr'><strong>quid</strong></span> <span class='ocrx_word' id='word_1_264' title='bbox 1130 2163 1179 2201; x_wconf 90' lang='lat' dir='ltr'><strong>sit</strong></span> <span class='ocrx_word' id='word_1_265' title='bbox 1198 2162 1278 2200; x_wconf 89' lang='grc'>0111-</span> 
     </span>
     <span class='ocr_line' id='line_1_39' title="bbox 155 2217 1281 2273; baseline -0.002 -16"><span class='ocrx_word' id='word_1_266' title='bbox 155 2230 233 2269; x_wconf 90' lang='lat' dir='ltr'><strong>que</strong></span> <span class='ocrx_word' id='word_1_267' title='bbox 248 2219 494 2259; x_wconf 85' lang='lat' dir='ltr'><strong>oontrarium.</strong></span> <span class='ocrx_word' id='word_1_268' title='bbox 535 2220 718 2273; x_wconf 91' lang='lat' dir='ltr'><strong>Cumque</strong></span> <span class='ocrx_word' id='word_1_269' title='bbox 742 2233 782 2259; x_wconf 91' lang='lat' dir='ltr'><strong>se</strong></span> <span class='ocrx_word' id='word_1_270' title='bbox 806 2219 856 2258; x_wconf 89' lang='lat' dir='ltr'><strong>ad</strong></span> <span class='ocrx_word' id='word_1_271' title='bbox 879 2218 1032 2259; x_wconf 85' lang='lat' dir='ltr'><strong>civilem</strong></span> <span class='ocrx_word' id='word_1_272' title='bbox 1061 2217 1281 2258; x_wconf 80' lang='lat' dir='ltr'><strong>societatem</strong></span> 
     </span>
    </p>
   </div>
  </div>
 </body>
</html>
