<?xml version="1.0" encoding="UTF-8"?>
<!DOCTYPE html PUBLIC "-//W3C//DTD XHTML 1.0 Transitional//EN"
    "http://www.w3.org/TR/xhtml1/DTD/xhtml1-transitional.dtd">
<html xmlns="http://www.w3.org/1999/xhtml" xml:lang="en" lang="en">
 <head>
  <title>
</title>
<meta http-equiv="Content-Type" content="text/html;charset=utf-8" />
  <meta name='ocr-system' content='tesseract 3.04.00' />
  <meta name='ocr-capabilities' content='ocr_page ocr_carea ocr_par ocr_line ocrx_word'/>
</head>
<body>
  <div class='ocr_page' id='page_1' title='image "./operaern04ciceuoft_0172.png"; bbox 0 0 1470 2402; ppageno 0'>
   <div class='ocr_carea' id='block_1_1' title="bbox 199 105 1148 156">
    <p class='ocr_par' dir='ltr' id='par_1_1' title="bbox 199 105 1148 156">
     <span class='ocr_line' id='line_1_1' title="bbox 199 105 1148 156; baseline -0.001 -6"><span class='ocrx_word' id='word_1_1' title='bbox 199 111 277 150; x_wconf 77' lang='lat'>158</span> <span class='ocrx_word' id='word_1_2' title='bbox 365 107 444 148; x_wconf 90' lang='lat' dir='ltr'>DE</span> <span class='ocrx_word' id='word_1_3' title='bbox 473 106 738 156; x_wconf 83' lang='lat' dir='ltr'>LEGIBUS,</span> <span class='ocrx_word' id='word_1_4' title='bbox 768 105 1148 148; x_wconf 63' lang='lat' dir='ltr'>111n.n.c.41⁵.6.</span> 
     </span>
    </p>
   </div>
   <div class='ocr_carea' id='block_1_2' title="bbox 195 216 1321 271">
    <p class='ocr_par' dir='ltr' id='par_1_2' title="bbox 195 216 1321 271">
     <span class='ocr_line' id='line_1_2' title="bbox 195 216 1321 271; baseline -0.001 -12"><span class='ocrx_word' id='word_1_5' title='bbox 195 219 407 271; x_wconf 82' lang='lat' dir='ltr'>composita</span> <span class='ocrx_word' id='word_1_6' title='bbox 424 225 630 270; x_wconf 82' lang='lat' dir='ltr'>sanctaque</span> <span class='ocrx_word' id='word_1_7' title='bbox 649 223 786 264; x_wconf 67' lang='lat' dir='ltr'>essent,</span> <span class='ocrx_word' id='word_1_8' title='bbox 806 229 869 255; x_wconf 63' lang='lat' dir='ltr'>ms</span> <span class='ocrx_word' id='word_1_9' title='bbox 886 216 989 268; x_wconf 86' lang='lat' dir='ltr'>leges</span> <span class='ocrx_word' id='word_1_10' title='bbox 1002 216 1178 257; x_wconf 83' lang='lat' dir='ltr'>videlicet</span> <span class='ocrx_word' id='word_1_11' title='bbox 1193 219 1321 258; x_wconf 83' lang='lat' dir='ltr'>nomi-</span> 
     </span>
    </p>
   </div>
   <div class='ocr_carea' id='block_1_3' title="bbox 195 271 1321 391">
    <p class='ocr_par' dir='ltr' id='par_1_3' title="bbox 195 271 1321 379">
     <span class='ocr_line' id='line_1_3' title="bbox 195 271 1320 334; baseline -0.004 -20"><span class='ocrx_word' id='word_1_12' title='bbox 195 275 351 314; x_wconf 82' lang='lat' dir='ltr'>narunt.</span> <span class='ocrx_word' id='word_1_13' title='bbox 385 273 451 312; x_wconf 82' lang='lat' dir='ltr'>Ex</span> <span class='ocrx_word' id='word_1_14' title='bbox 470 286 548 325; x_wconf 91' lang='lat' dir='ltr'>quo</span> <span class='ocrx_word' id='word_1_15' title='bbox 565 271 730 334; x_wconf 83' lang='lat' dir='ltr'>intelligi</span> <span class='ocrx_word' id='word_1_16' title='bbox 747 284 817 323; x_wconf 85' lang='lat' dir='ltr'>par</span> <span class='ocrx_word' id='word_1_17' title='bbox 837 278 906 319; x_wconf 83' lang='lat' dir='ltr'>est,</span> <span class='ocrx_word' id='word_1_18' title='bbox 927 284 1004 319; x_wconf 91' lang='lat' dir='ltr'>eos,</span> <span class='ocrx_word' id='word_1_19' title='bbox 1024 272 1093 324; x_wconf 91' lang='lat' dir='ltr'>qui</span> <span class='ocrx_word' id='word_1_20' title='bbox 1110 273 1320 324; x_wconf 75' lang='lat' dir='ltr'>perniciosa</span> 
     </span>
     <span class='ocr_line' id='line_1_4' title="bbox 197 325 1321 391; baseline -0.001 -23"><span class='ocrx_word' id='word_1_21' title='bbox 197 338 236 369; x_wconf 91' lang='lat' dir='ltr'>et</span> <span class='ocrx_word' id='word_1_22' title='bbox 253 329 397 391; x_wconf 79' lang='lat' dir='ltr'>injusta</span> <span class='ocrx_word' id='word_1_23' title='bbox 415 327 596 379; x_wconf 84' lang='lat' dir='ltr'>populis&#39;</span> <span class='ocrx_word' id='word_1_24' title='bbox 583 340 690 376; x_wconf 85' lang='lat' dir='ltr'>Jussa</span> <span class='ocrx_word' id='word_1_25' title='bbox 707 325 985 377; x_wconf 70' lang='lat' dir='ltr'>descripserint,</span> <span class='ocrx_word' id='word_1_26' title='bbox 1005 339 1096 365; x_wconf 89' lang='lat' dir='ltr'>cum</span> <span class='ocrx_word' id='word_1_27' title='bbox 1114 335 1246 367; x_wconf 82' lang='lat' dir='ltr'>eontra</span> <span class='ocrx_word' id='word_1_28' title='bbox 1263 328 1321 367; x_wconf 81' lang='lat' dir='ltr'>fe-</span> 
     </span>
    </p>
   </div>
   <div class='ocr_carea' id='block_1_4' title="bbox 196 380 1341 2177">
    <p class='ocr_par' dir='ltr' id='par_1_4' title="bbox 196 380 1321 597">
     <span class='ocr_line' id='line_1_5' title="bbox 198 380 1321 445; baseline -0.002 -22"><span class='ocrx_word' id='word_1_29' title='bbox 198 384 331 432; x_wconf 85' lang='lat' dir='ltr'>cerint,</span> <span class='ocrx_word' id='word_1_30' title='bbox 352 395 471 435; x_wconf 86' lang='lat' dir='ltr'>quam</span> <span class='ocrx_word' id='word_1_31' title='bbox 490 381 649 434; x_wconf 84' lang='lat' dir='ltr'>polliciti</span> <span class='ocrx_word' id='word_1_32' title='bbox 663 380 898 442; x_wconf 80' lang='lat' dir='ltr'>professique</span> <span class='ocrx_word' id='word_1_33' title='bbox 917 381 1007 428; x_wconf 77' lang='lat' dir='ltr'>sint,</span> <span class='ocrx_word' id='word_1_34' title='bbox 1022 380 1175 433; x_wconf 82' lang='lat' dir='ltr'>quidvis</span> <span class='ocrx_word' id='word_1_35' title='bbox 1192 382 1321 445; x_wconf 74' lang='lat' dir='ltr'>potius</span> 
     </span>
     <span class='ocr_line' id='line_1_6' title="bbox 196 435 1321 489; baseline -0.001 -12"><span class='ocrx_word' id='word_1_36' title='bbox 196 438 342 485; x_wconf 86' lang='lat' dir='ltr'>tulisse,</span> <span class='ocrx_word' id='word_1_37' title='bbox 373 450 492 489; x_wconf 88' lang='lat' dir='ltr'>quam</span> <span class='ocrx_word' id='word_1_38' title='bbox 518 437 644 487; x_wconf 65' lang='lat' dir='ltr'>leges:</span> <span class='ocrx_word' id='word_1_39' title='bbox 680 442 725 473; x_wconf 92' lang='lat' dir='ltr'>ut</span> <span class='ocrx_word' id='word_1_40' title='bbox 748 435 993 487; x_wconf 84' lang='lat' dir='ltr'>perspicuum</span> <span class='ocrx_word' id='word_1_41' title='bbox 1017 448 1097 474; x_wconf 71' lang='lat' dir='ltr'>esse</span> <span class='ocrx_word' id='word_1_42' title='bbox 1121 437 1253 488; x_wconf 76' lang='lat' dir='ltr'>possit,</span> <span class='ocrx_word' id='word_1_43' title='bbox 1278 436 1321 475; x_wconf 88' lang='lat' dir='ltr'>in</span> 
     </span>
     <span class='ocr_line' id='line_1_7' title="bbox 196 488 1324 555; baseline -0.001 -24"><span class='ocrx_word' id='word_1_44' title='bbox 196 493 281 555; x_wconf 89' lang='lat' dir='ltr'>ipso</span> <span class='ocrx_word' id='word_1_45' title='bbox 300 492 456 530; x_wconf 90' lang='lat' dir='ltr'>nomine</span> <span class='ocrx_word' id='word_1_46' title='bbox 473 491 568 542; x_wconf 87' lang='lat' dir='ltr'>legis</span> <span class='ocrx_word' id='word_1_47' title='bbox 587 488 899 541; x_wconf 86' lang='lat' dir='ltr'>interpretando</span> <span class='ocrx_word' id='word_1_48' title='bbox 888 502 1009 529; x_wconf 88' lang='lat' dir='ltr'>messe</span> <span class='ocrx_word' id='word_1_49' title='bbox 1026 490 1107 529; x_wconf 86' lang='lat' dir='ltr'>vim</span> <span class='ocrx_word' id='word_1_50' title='bbox 1121 498 1159 530; x_wconf 89' lang='lat' dir='ltr'>et</span> <span class='ocrx_word' id='word_1_51' title='bbox 1172 498 1324 530; x_wconf 82' lang='lat' dir='ltr'>senten-</span> 
     </span>
     <span class='ocr_line' id='line_1_8' title="bbox 197 544 755 597; baseline -0.007 -11"><span class='ocrx_word' id='word_1_52' title='bbox 197 548 293 586; x_wconf 86' lang='lat' dir='ltr'>tiam</span> <span class='ocrx_word' id='word_1_53' title='bbox 309 546 404 597; x_wconf 88' lang='lat' dir='ltr'>justi</span> <span class='ocrx_word' id='word_1_54' title='bbox 423 553 460 584; x_wconf 84' lang='lat' dir='ltr'>et</span> <span class='ocrx_word' id='word_1_55' title='bbox 475 545 573 595; x_wconf 88' lang='lat' dir='ltr'>juris</span> <span class='ocrx_word' id='word_1_56' title='bbox 590 544 755 596; x_wconf 88' lang='lat' dir='ltr'>legendi.</span> 
     </span>
    </p>

    <p class='ocr_par' dir='ltr' id='par_1_5' title="bbox 199 598 1328 1029">
     <span class='ocr_line' id='line_1_9' title="bbox 253 598 1324 660; baseline 0.001 -21"><span class='ocrx_word' id='word_1_57' title='bbox 253 602 399 650; x_wconf 88' lang='lat' dir='ltr'>Quaero</span> <span class='ocrx_word' id='word_1_58' title='bbox 417 600 535 651; x_wconf 88' lang='lat' dir='ltr'>igitur</span> <span class='ocrx_word' id='word_1_59' title='bbox 559 612 583 637; x_wconf 89' lang='lat' dir='ltr'>a</span> <span class='ocrx_word' id='word_1_60' title='bbox 606 607 659 645; x_wconf 91' lang='lat' dir='ltr'>te,</span> <span class='ocrx_word' id='word_1_61' title='bbox 680 598 842 660; x_wconf 77' lang='lat' dir='ltr'>Quinte,</span> <span class='ocrx_word' id='word_1_62' title='bbox 863 598 960 637; x_wconf 88' lang='lat' dir='ltr'>sicut</span> <span class='ocrx_word' id='word_1_63' title='bbox 977 599 1035 638; x_wconf 89' lang='lat' dir='ltr'>illi</span> <span class='ocrx_word' id='word_1_64' title='bbox 1054 600 1201 647; x_wconf 76' lang='lat' dir='ltr'>solent3</span> <span class='ocrx_word' id='word_1_65' title='bbox 1231 599 1324 650; x_wconf 87' lang='lat' dir='ltr'>Quo</span> 
     </span>
     <span class='ocr_line' id='line_1_10' title="bbox 199 653 1326 715; baseline -0.002 -19"><span class='ocrx_word' id='word_1_66' title='bbox 199 657 232 696; x_wconf 89' lang='lat' dir='ltr'>si</span> <span class='ocrx_word' id='word_1_67' title='bbox 251 656 382 695; x_wconf 81' lang='lat' dir='ltr'>civitas</span> <span class='ocrx_word' id='word_1_68' title='bbox 402 662 540 701; x_wconf 81' lang='lat' dir='ltr'>careat,</span> <span class='ocrx_word' id='word_1_69' title='bbox 561 655 610 692; x_wconf 94' lang='lat' dir='ltr'>ob</span> <span class='ocrx_word' id='word_1_70' title='bbox 630 666 715 691; x_wconf 64' lang='lat' dir='ltr'>mm</span> <span class='ocrx_word' id='word_1_71' title='bbox 734 653 858 715; x_wconf 83' lang='lat' dir='ltr'>ipsam</span> <span class='ocrx_word' id='word_1_72' title='bbox 877 665 1046 702; x_wconf 86' lang='lat' dir='ltr'>causam,</span> <span class='ocrx_word' id='word_1_73' title='bbox 1067 654 1172 706; x_wconf 89' lang='lat' dir='ltr'>quod</span> <span class='ocrx_word' id='word_1_74' title='bbox 1196 668 1241 694; x_wconf 90' lang='lat' dir='ltr'>eo</span> <span class='ocrx_word' id='word_1_75' title='bbox 1263 668 1326 694; x_wconf 78' lang='lat' dir='ltr'>ea-</span> 
     </span>
     <span class='ocr_line' id='line_1_11' title="bbox 199 707 1325 761; baseline -0.001 -12"><span class='ocrx_word' id='word_1_76' title='bbox 199 719 294 756; x_wconf 87' lang='lat' dir='ltr'>reat,</span> <span class='ocrx_word' id='word_1_77' title='bbox 316 723 385 761; x_wconf 89' lang='lat' dir='ltr'>pro</span> <span class='ocrx_word' id='word_1_78' title='bbox 404 708 525 746; x_wconf 91' lang='lat' dir='ltr'>nihilo</span> <span class='ocrx_word' id='word_1_79' title='bbox 543 707 721 746; x_wconf 81' lang='lat' dir='ltr'>habenda</span> <span class='ocrx_word' id='word_1_80' title='bbox 736 707 798 754; x_wconf 87' lang='lat' dir='ltr'>sit,</span> <span class='ocrx_word' id='word_1_81' title='bbox 810 707 851 745; x_wconf 86' lang='lat' dir='ltr'>id</span> <span class='ocrx_word' id='word_1_82' title='bbox 866 715 970 747; x_wconf 67' lang='lat' dir='ltr'>estne</span> <span class='ocrx_word' id='word_1_83' title='bbox 984 709 1295 748; x_wconf 87' lang='lat' dir='ltr'>numerandum</span> <span class='ocrx_word' id='word_1_84' title='bbox 1283 722 1325 748; x_wconf 88' lang='grc' dir='ltr'>ιιι</span> 
     </span>
     <span class='ocr_line' id='line_1_12' title="bbox 200 761 1326 814; baseline -0.002 -10"><span class='ocrx_word' id='word_1_85' title='bbox 200 765 344 804; x_wconf 88' lang='lat' dir='ltr'>bonis?</span> <span class='ocrx_word' id='word_1_86' title='bbox 405 763 588 808; x_wconf 73' lang='lat' dir='ltr'>Quintus.</span> <span class='ocrx_word' id='word_1_87' title='bbox 618 762 683 800; x_wconf 89' lang='lat' dir='ltr'>Ac</span> <span class='ocrx_word' id='word_1_88' title='bbox 706 761 888 800; x_wconf 84' lang='lat' dir='ltr'>maximis</span> <span class='ocrx_word' id='word_1_89' title='bbox 915 762 1085 814; x_wconf 80' lang='lat' dir='ltr'>quidem.</span> <span class='ocrx_word' id='word_1_90' title='bbox 1142 765 1326 802; x_wconf 80' lang='lat' dir='ltr'>Marcus.</span> 
     </span>
     <span class='ocr_line' id='line_1_13' title="bbox 202 815 1328 870; baseline -0.001 -12"><span class='ocrx_word' id='word_1_91' title='bbox 202 820 309 870; x_wconf 84' lang='lat' dir='ltr'>Lege</span> <span class='ocrx_word' id='word_1_92' title='bbox 327 827 458 856; x_wconf 88' lang='lat' dir='ltr'>autem</span> <span class='ocrx_word' id='word_1_93' title='bbox 477 829 606 855; x_wconf 85' lang='lat' dir='ltr'>carens</span> <span class='ocrx_word' id='word_1_94' title='bbox 625 815 756 854; x_wconf 73' lang='lat' dir='ltr'>civitas</span> <span class='ocrx_word' id='word_1_95' title='bbox 775 827 874 854; x_wconf 89' lang='lat' dir='ltr'>anne</span> <span class='ocrx_word' id='word_1_96' title='bbox 891 817 940 855; x_wconf 94' lang='lat' dir='ltr'>ob</span> <span class='ocrx_word' id='word_1_97' title='bbox 954 816 1019 855; x_wconf 91' lang='lat' dir='ltr'>id</span> <span class='ocrx_word' id='word_1_98' title='bbox 1008 829 1139 869; x_wconf 82' lang='lat' dir='ltr'>ipsum</span> <span class='ocrx_word' id='word_1_99' title='bbox 1151 817 1328 857; x_wconf 80' lang='lat' dir='ltr'>habenda</span> 
     </span>
     <span class='ocr_line' id='line_1_14' title="bbox 202 870 1328 923; baseline -0.001 -11"><span class='ocrx_word' id='word_1_100' title='bbox 202 874 312 912; x_wconf 90' lang='lat' dir='ltr'>nullo</span> <span class='ocrx_word' id='word_1_101' title='bbox 330 873 444 910; x_wconf 81' lang='lat' dir='ltr'>loco?</span> <span class='ocrx_word' id='word_1_102' title='bbox 492 871 674 916; x_wconf 72' lang='lat' dir='ltr'>Quintus.</span> <span class='ocrx_word' id='word_1_103' title='bbox 695 870 786 909; x_wconf 88' lang='lat' dir='ltr'>Dici</span> <span class='ocrx_word' id='word_1_104' title='bbox 804 870 914 909; x_wconf 86' lang='lat' dir='ltr'>aliter</span> <span class='ocrx_word' id='word_1_105' title='bbox 931 883 1009 910; x_wconf 92' lang='lat' dir='ltr'>non</span> <span class='ocrx_word' id='word_1_106' title='bbox 1028 879 1163 923; x_wconf 63' lang='lat' dir='ltr'>potest.</span> <span class='ocrx_word' id='word_1_107' title='bbox 1206 874 1328 911; x_wconf 84' lang='lat' dir='ltr'>Mar-</span> 
     </span>
     <span class='ocr_line' id='line_1_15' title="bbox 202 925 1327 980; baseline 0.001 -14"><span class='ocrx_word' id='word_1_108' title='bbox 202 941 281 966; x_wconf 74' lang='lat' dir='ltr'>cus.</span> <span class='ocrx_word' id='word_1_109' title='bbox 300 927 464 966; x_wconf 72' lang='lat' dir='ltr'>Necesse</span> <span class='ocrx_word' id='word_1_110' title='bbox 478 934 534 964; x_wconf 71' lang='lat' dir='ltr'>est</span> <span class='ocrx_word' id='word_1_111' title='bbox 547 926 679 977; x_wconf 88' lang='lat' dir='ltr'>igitur,</span> <span class='ocrx_word' id='word_1_112' title='bbox 692 925 819 977; x_wconf 83' lang='lat' dir='ltr'>legem</span> <span class='ocrx_word' id='word_1_113' title='bbox 831 925 964 964; x_wconf 86' lang='lat' dir='ltr'>haberi</span> <span class='ocrx_word' id='word_1_114' title='bbox 977 925 1019 964; x_wconf 89' lang='lat' dir='ltr'>in</span> <span class='ocrx_word' id='word_1_115' title='bbox 1032 928 1147 966; x_wconf 83' lang='lat' dir='ltr'>rebus</span> <span class='ocrx_word' id='word_1_116' title='bbox 1160 927 1327 980; x_wconf 74' lang='lat' dir='ltr'>optimis-</span> 
     </span>
     <span class='ocr_line' id='line_1_16' title="bbox 207 980 786 1029; baseline -0.004 -9"><span class='ocrx_word' id='word_1_117' title='bbox 207 983 390 1029; x_wconf 76' lang='lat' dir='ltr'>Quintus.</span> <span class='ocrx_word' id='word_1_118' title='bbox 413 981 574 1019; x_wconf 91' lang='lat' dir='ltr'>Prorsus</span> <span class='ocrx_word' id='word_1_119' title='bbox 593 980 786 1019; x_wconf 85' lang='lat' dir='ltr'>assentior.</span> 
     </span>
    </p>

    <p class='ocr_par' dir='ltr' id='par_1_6' title="bbox 204 1034 1337 1682">
     <span class='ocr_line' id='line_1_17' title="bbox 260 1034 1329 1096; baseline 0.001 -21"><span class='ocrx_word' id='word_1_120' title='bbox 260 1038 442 1075; x_wconf 76' lang='lat' dir='ltr'>Marcus.</span> <span class='ocrx_word' id='word_1_121' title='bbox 483 1034 606 1083; x_wconf 84' lang='lat' dir='ltr'>Quid,</span> <span class='ocrx_word' id='word_1_122' title='bbox 641 1034 747 1096; x_wconf 85' lang='lat' dir='ltr'>quod</span> <span class='ocrx_word' id='word_1_123' title='bbox 782 1035 908 1073; x_wconf 77' lang='lat' dir='ltr'>multa</span> <span class='ocrx_word' id='word_1_124' title='bbox 942 1035 1164 1087; x_wconf 81' lang='lat' dir='ltr'>perniciose,</span> <span class='ocrx_word' id='word_1_125' title='bbox 1202 1037 1329 1076; x_wconf 82' lang='lat' dir='ltr'>multa</span> 
     </span>
     <span class='ocr_line' id='line_1_18' title="bbox 204 1089 1331 1144; baseline 0.001 -15"><span class='ocrx_word' id='word_1_126' title='bbox 204 1091 396 1144; x_wconf 87' lang='lat' dir='ltr'>pestifere,</span> <span class='ocrx_word' id='word_1_127' title='bbox 417 1089 627 1128; x_wconf 88' lang='lat' dir='ltr'>sciscuntur</span> <span class='ocrx_word' id='word_1_128' title='bbox 646 1089 685 1126; x_wconf 91' lang='lat' dir='ltr'>in</span> <span class='ocrx_word' id='word_1_129' title='bbox 705 1090 871 1140; x_wconf 87' lang='lat' dir='ltr'>populis,</span> <span class='ocrx_word' id='word_1_130' title='bbox 892 1103 980 1142; x_wconf 90' lang='lat' dir='ltr'>quae</span> <span class='ocrx_word' id='word_1_131' title='bbox 998 1103 1076 1129; x_wconf 91' lang='lat' dir='ltr'>non</span> <span class='ocrx_word' id='word_1_132' title='bbox 1094 1091 1218 1143; x_wconf 76' lang='lat' dir='ltr'>magis</span> <span class='ocrx_word' id='word_1_133' title='bbox 1235 1092 1331 1143; x_wconf 82' lang='lat' dir='ltr'>legis</span> 
     </span>
     <span class='ocr_line' id='line_1_19' title="bbox 206 1143 1330 1196; baseline 0.001 -12"><span class='ocrx_word' id='word_1_134' title='bbox 206 1158 348 1184; x_wconf 89' lang='lat' dir='ltr'>nomen</span> <span class='ocrx_word' id='word_1_135' title='bbox 374 1144 584 1194; x_wconf 87' lang='lat' dir='ltr'>attingunt,</span> <span class='ocrx_word' id='word_1_136' title='bbox 612 1155 730 1194; x_wconf 90' lang='lat' dir='ltr'>quam</span> <span class='ocrx_word' id='word_1_137' title='bbox 756 1144 788 1182; x_wconf 89' lang='lat' dir='ltr'>si</span> <span class='ocrx_word' id='word_1_138' title='bbox 811 1143 976 1182; x_wconf 64' lang='lat' dir='ltr'>latrones</span> <span class='ocrx_word' id='word_1_139' title='bbox 1000 1145 1132 1196; x_wconf 84' lang='lat' dir='ltr'>aliqua</span> <span class='ocrx_word' id='word_1_140' title='bbox 1154 1158 1330 1185; x_wconf 67' lang='lat' dir='ltr'>consessu</span> 
     </span>
     <span class='ocr_line' id='line_1_20' title="bbox 207 1197 1332 1252; baseline 0.001 -13"><span class='ocrx_word' id='word_1_141' title='bbox 207 1213 277 1239; x_wconf 91' lang='lat' dir='ltr'>suo</span> <span class='ocrx_word' id='word_1_142' title='bbox 310 1198 536 1238; x_wconf 77' lang='lat' dir='ltr'>sanxerint?</span> <span class='ocrx_word' id='word_1_143' title='bbox 580 1197 688 1236; x_wconf 83' lang='lat' dir='ltr'>Nam</span> <span class='ocrx_word' id='word_1_144' title='bbox 720 1209 845 1250; x_wconf 92' lang='lat' dir='ltr'>neque</span> <span class='ocrx_word' id='word_1_145' title='bbox 877 1198 1112 1238; x_wconf 86' lang='lat' dir='ltr'>medicorum</span> <span class='ocrx_word' id='word_1_146' title='bbox 1141 1209 1332 1252; x_wconf 72' lang='lat' dir='ltr'>praeoepta</span> 
     </span>
     <span class='ocr_line' id='line_1_21' title="bbox 208 1252 1332 1306; baseline 0.001 -13"><span class='ocrx_word' id='word_1_147' title='bbox 208 1255 285 1294; x_wconf 89' lang='lat' dir='ltr'>dici</span> <span class='ocrx_word' id='word_1_148' title='bbox 303 1267 389 1292; x_wconf 89' lang='lat' dir='ltr'>vere</span> <span class='ocrx_word' id='word_1_149' title='bbox 408 1260 576 1305; x_wconf 78' lang='lat' dir='ltr'>possent,</span> <span class='ocrx_word' id='word_1_150' title='bbox 596 1252 628 1291; x_wconf 89' lang='lat' dir='ltr'>si</span> <span class='ocrx_word' id='word_1_151' title='bbox 647 1265 735 1304; x_wconf 89' lang='lat' dir='ltr'>quae</span> <span class='ocrx_word' id='word_1_152' title='bbox 752 1252 861 1291; x_wconf 86' lang='lat' dir='ltr'>inscii</span> <span class='ocrx_word' id='word_1_153' title='bbox 879 1253 1124 1306; x_wconf 85' lang='lat' dir='ltr'>imperitique</span> <span class='ocrx_word' id='word_1_154' title='bbox 1141 1267 1211 1306; x_wconf 92' lang='lat' dir='ltr'>pro</span> <span class='ocrx_word' id='word_1_155' title='bbox 1228 1255 1332 1294; x_wconf 87' lang='lat' dir='ltr'>salu-</span> 
     </span>
     <span class='ocr_line' id='line_1_22' title="bbox 208 1306 1333 1361; baseline 0.001 -13"><span class='ocrx_word' id='word_1_156' title='bbox 208 1309 355 1348; x_wconf 78' lang='lat' dir='ltr'>taribus</span> <span class='ocrx_word' id='word_1_157' title='bbox 386 1306 583 1346; x_wconf 86' lang='lat' dir='ltr'>mortifera</span> <span class='ocrx_word' id='word_1_158' title='bbox 618 1307 926 1359; x_wconf 76' lang='lat' dir='ltr'>conscripserint3</span> <span class='ocrx_word' id='word_1_159' title='bbox 958 1320 1084 1360; x_wconf 90' lang='lat' dir='ltr'>neque</span> <span class='ocrx_word' id='word_1_160' title='bbox 1114 1308 1154 1347; x_wconf 89' lang='grc' dir='ltr'>ιιι</span> <span class='ocrx_word' id='word_1_161' title='bbox 1188 1310 1333 1361; x_wconf 88' lang='lat' dir='ltr'>populo</span> 
     </span>
     <span class='ocr_line' id='line_1_23' title="bbox 207 1360 1332 1426; baseline 0.001 -24"><span class='ocrx_word' id='word_1_162' title='bbox 207 1364 287 1411; x_wconf 85' lang='lat' dir='ltr'>lex,</span> <span class='ocrx_word' id='word_1_163' title='bbox 318 1361 550 1401; x_wconf 89' lang='lat' dir='ltr'>cuicuimodi</span> <span class='ocrx_word' id='word_1_164' title='bbox 577 1360 693 1399; x_wconf 88' lang='lat' dir='ltr'>fuerit</span> <span class='ocrx_word' id='word_1_165' title='bbox 719 1361 801 1409; x_wconf 87' lang='lat' dir='ltr'>illa,</span> <span class='ocrx_word' id='word_1_166' title='bbox 830 1360 986 1414; x_wconf 88' lang='lat' dir='ltr'>[etiam]</span> <span class='ocrx_word' id='word_1_167' title='bbox 1017 1363 1049 1401; x_wconf 86' lang='lat' dir='ltr'>si</span> <span class='ocrx_word' id='word_1_168' title='bbox 1069 1363 1332 1426; x_wconf 76' lang='lat' dir='ltr'>perniciosum</span> 
     </span>
     <span class='ocr_line' id='line_1_24' title="bbox 208 1415 1335 1470; baseline 0.001 -14"><span class='ocrx_word' id='word_1_169' title='bbox 208 1417 357 1470; x_wconf 85' lang='lat' dir='ltr'>aliquid</span> <span class='ocrx_word' id='word_1_170' title='bbox 374 1416 542 1468; x_wconf 90' lang='lat' dir='ltr'>populus</span> <span class='ocrx_word' id='word_1_171' title='bbox 561 1415 755 1468; x_wconf 80' lang='lat' dir='ltr'>acceperit.</span> <span class='ocrx_word' id='word_1_172' title='bbox 785 1415 892 1468; x_wconf 86' lang='lat' dir='ltr'>Ergo</span> <span class='ocrx_word' id='word_1_173' title='bbox 910 1424 965 1455; x_wconf 68' lang='lat' dir='ltr'>est</span> <span class='ocrx_word' id='word_1_174' title='bbox 983 1417 1078 1455; x_wconf 85' lang='lat' dir='ltr'>lex</span> <span class='ocrx_word' id='word_1_175' title='bbox 1062 1431 1127 1467; x_wconf 84' lang='lat' dir='ltr'>Jus</span> <span class='ocrx_word' id='word_1_176' title='bbox 1129 1426 1256 1457; x_wconf 87' lang='lat' dir='ltr'>torum</span> <span class='ocrx_word' id='word_1_177' title='bbox 1273 1418 1335 1458; x_wconf 83' lang='lat' dir='ltr'>in-</span> 
     </span>
     <span class='ocr_line' id='line_1_25' title="bbox 205 1470 1336 1532; baseline 0.002 -21"><span class='ocrx_word' id='word_1_178' title='bbox 205 1473 478 1532; x_wconf 88' lang='lat' dir='ltr'>justorumque</span> <span class='ocrx_word' id='word_1_179' title='bbox 492 1470 697 1518; x_wconf 86' lang='lat' dir='ltr'>distinctio,</span> <span class='ocrx_word' id='word_1_180' title='bbox 713 1470 763 1508; x_wconf 85' lang='lat' dir='ltr'>ad</span> <span class='ocrx_word' id='word_1_181' title='bbox 780 1470 888 1509; x_wconf 88' lang='lat' dir='ltr'>illam</span> <span class='ocrx_word' id='word_1_182' title='bbox 903 1471 1210 1523; x_wconf 84' lang='lat' dir='ltr'>antiquissimam</span> <span class='ocrx_word' id='word_1_183' title='bbox 1225 1480 1264 1512; x_wconf 89' lang='lat' dir='ltr'>et</span> <span class='ocrx_word' id='word_1_184' title='bbox 1276 1487 1336 1513; x_wconf 85' lang='lat' dir='ltr'>re-</span> 
     </span>
     <span class='ocr_line' id='line_1_26' title="bbox 209 1525 1336 1579; baseline 0.003 -15"><span class='ocrx_word' id='word_1_185' title='bbox 209 1539 300 1564; x_wconf 84' lang='lat' dir='ltr'>rum</span> <span class='ocrx_word' id='word_1_186' title='bbox 317 1525 495 1564; x_wconf 90' lang='lat' dir='ltr'>omnium</span> <span class='ocrx_word' id='word_1_187' title='bbox 513 1525 725 1577; x_wconf 86' lang='lat' dir='ltr'>principem</span> <span class='ocrx_word' id='word_1_188' title='bbox 744 1538 921 1578; x_wconf 85' lang='lat' dir='ltr'>expressa</span> <span class='ocrx_word' id='word_1_189' title='bbox 938 1533 1132 1574; x_wconf 85' lang='lat' dir='ltr'>naturam,</span> <span class='ocrx_word' id='word_1_190' title='bbox 1148 1526 1198 1565; x_wconf 88' lang='lat' dir='ltr'>ad</span> <span class='ocrx_word' id='word_1_191' title='bbox 1216 1541 1336 1579; x_wconf 75' lang='lat' dir='ltr'>quam</span> 
     </span>
     <span class='ocr_line' id='line_1_27' title="bbox 209 1579 1337 1634; baseline 0.004 -17"><span class='ocrx_word' id='word_1_192' title='bbox 209 1581 313 1631; x_wconf 68' lang='lat' dir='ltr'>leges</span> <span class='ocrx_word' id='word_1_193' title='bbox 334 1579 540 1618; x_wconf 90' lang='lat' dir='ltr'>hominum</span> <span class='ocrx_word' id='word_1_194' title='bbox 565 1579 797 1631; x_wconf 80' lang='lat' dir='ltr'>diriguntur,</span> <span class='ocrx_word' id='word_1_195' title='bbox 818 1593 906 1632; x_wconf 88' lang='lat' dir='ltr'>quae</span> <span class='ocrx_word' id='word_1_196' title='bbox 930 1581 1118 1633; x_wconf 86' lang='lat' dir='ltr'>supplicio</span> <span class='ocrx_word' id='word_1_197' title='bbox 1142 1581 1337 1634; x_wconf 84' lang='lat' dir='ltr'>improbos</span> 
     </span>
     <span class='ocr_line' id='line_1_28' title="bbox 210 1633 1014 1682; baseline 0 -8"><span class='ocrx_word' id='word_1_198' title='bbox 210 1635 396 1682; x_wconf 82' lang='lat' dir='ltr'>afficiunt,</span> <span class='ocrx_word' id='word_1_199' title='bbox 417 1633 628 1672; x_wconf 88' lang='lat' dir='ltr'>defendunt</span> <span class='ocrx_word' id='word_1_200' title='bbox 647 1647 690 1673; x_wconf 83' lang='lat' dir='ltr'>ac</span> <span class='ocrx_word' id='word_1_201' title='bbox 709 1642 866 1673; x_wconf 84' lang='lat' dir='ltr'>tuentur</span> <span class='ocrx_word' id='word_1_202' title='bbox 882 1636 1014 1674; x_wconf 89' lang='lat' dir='ltr'>bonos.</span> 
     </span>
    </p>

    <p class='ocr_par' dir='ltr' id='par_1_7' title="bbox 212 1688 1341 2177">
     <span class='ocr_line' id='line_1_29' title="bbox 267 1688 1336 1741; baseline 0.004 -13"><span class='ocrx_word' id='word_1_203' title='bbox 267 1689 344 1728; x_wconf 89' lang='lat' dir='ltr'>VI.</span> <span class='ocrx_word' id='word_1_204' title='bbox 382 1688 565 1734; x_wconf 74' lang='lat' dir='ltr'>Quintus.</span> <span class='ocrx_word' id='word_1_205' title='bbox 601 1688 787 1727; x_wconf 86' lang='lat' dir='ltr'>Praeclare</span> <span class='ocrx_word' id='word_1_206' title='bbox 811 1689 1009 1741; x_wconf 84' lang='lat' dir='ltr'>intelligo.</span> <span class='ocrx_word' id='word_1_207' title='bbox 1044 1702 1114 1729; x_wconf 91' lang='lat' dir='ltr'>nec</span> <span class='ocrx_word' id='word_1_208' title='bbox 1141 1703 1230 1730; x_wconf 85' lang='lat' dir='ltr'>vero</span> <span class='ocrx_word' id='word_1_209' title='bbox 1251 1692 1336 1741; x_wconf 77' lang='lat' dir='ltr'>jam</span> 
     </span>
     <span class='ocr_line' id='line_1_30' title="bbox 212 1742 1335 1796; baseline 0.002 -13"><span class='ocrx_word' id='word_1_210' title='bbox 212 1745 330 1783; x_wconf 80' lang='lat' dir='ltr'>aliam</span> <span class='ocrx_word' id='word_1_211' title='bbox 349 1755 428 1782; x_wconf 89' lang='lat' dir='ltr'>esse</span> <span class='ocrx_word' id='word_1_212' title='bbox 446 1742 568 1781; x_wconf 81' lang='lat' dir='ltr'>ullam</span> <span class='ocrx_word' id='word_1_213' title='bbox 594 1743 718 1795; x_wconf 90' lang='lat' dir='ltr'>legem</span> <span class='ocrx_word' id='word_1_214' title='bbox 743 1750 839 1795; x_wconf 76' lang='lat' dir='ltr'>puto</span> <span class='ocrx_word' id='word_1_215' title='bbox 864 1756 942 1783; x_wconf 90' lang='lat' dir='ltr'>non</span> <span class='ocrx_word' id='word_1_216' title='bbox 963 1744 1080 1783; x_wconf 91' lang='lat' dir='ltr'>modo</span> <span class='ocrx_word' id='word_1_217' title='bbox 1103 1745 1335 1796; x_wconf 79' lang='lat' dir='ltr'>habendam,</span> 
     </span>
     <span class='ocr_line' id='line_1_31' title="bbox 214 1797 1336 1851; baseline 0.001 -13"><span class='ocrx_word' id='word_1_218' title='bbox 214 1798 281 1838; x_wconf 89' lang='lat' dir='ltr'>sed</span> <span class='ocrx_word' id='word_1_219' title='bbox 313 1810 361 1836; x_wconf 90' lang='lat' dir='ltr'>ne</span> <span class='ocrx_word' id='word_1_220' title='bbox 390 1797 662 1849; x_wconf 80' lang='lat' dir='ltr'>appellandam</span> <span class='ocrx_word' id='word_1_221' title='bbox 693 1797 864 1849; x_wconf 87' lang='lat' dir='ltr'>quidem.</span> <span class='ocrx_word' id='word_1_222' title='bbox 920 1799 1102 1837; x_wconf 70' lang='lat' dir='ltr'>Marcus.</span> <span class='ocrx_word' id='word_1_223' title='bbox 1138 1799 1265 1851; x_wconf 86' lang='lat' dir='ltr'>Igitur</span> <span class='ocrx_word' id='word_1_224' title='bbox 1293 1809 1336 1840; x_wconf 89' lang='lat' dir='ltr'>tu</span> 
     </span>
     <span class='ocr_line' id='line_1_32' title="bbox 214 1851 1338 1908; baseline 0.001 -17"><span class='ocrx_word' id='word_1_225' title='bbox 214 1853 343 1891; x_wconf 83' lang='lat' dir='ltr'>Titias</span> <span class='ocrx_word' id='word_1_226' title='bbox 361 1858 399 1890; x_wconf 86' lang='lat' dir='ltr'>et</span> <span class='ocrx_word' id='word_1_227' title='bbox 417 1852 606 1903; x_wconf 85' lang='lat' dir='ltr'>Apuleias</span> <span class='ocrx_word' id='word_1_228' title='bbox 619 1851 721 1903; x_wconf 73' lang='lat' dir='ltr'>leges</span> <span class='ocrx_word' id='word_1_229' title='bbox 734 1852 861 1891; x_wconf 83' lang='lat' dir='ltr'>nullas</span> <span class='ocrx_word' id='word_1_230' title='bbox 875 1855 1015 1904; x_wconf 79' lang='lat' dir='ltr'>putas?</span> <span class='ocrx_word' id='word_1_231' title='bbox 1052 1853 1233 1898; x_wconf 70' lang='lat' dir='ltr'>Quintus.</span> <span class='ocrx_word' id='word_1_232' title='bbox 1249 1854 1338 1908; x_wconf 82' lang='lat' dir='ltr'>Ego</span> 
     </span>
     <span class='ocr_line' id='line_1_33' title="bbox 216 1905 1338 1962; baseline 0.002 -16"><span class='ocrx_word' id='word_1_233' title='bbox 216 1919 305 1946; x_wconf 90' lang='lat' dir='ltr'>vero</span> <span class='ocrx_word' id='word_1_234' title='bbox 337 1919 386 1944; x_wconf 90' lang='lat' dir='ltr'>ne</span> <span class='ocrx_word' id='word_1_235' title='bbox 419 1906 550 1944; x_wconf 80' lang='lat' dir='ltr'>Livias</span> <span class='ocrx_word' id='word_1_236' title='bbox 583 1905 752 1958; x_wconf 86' lang='lat' dir='ltr'>quidem.</span> <span class='ocrx_word' id='word_1_237' title='bbox 810 1908 993 1945; x_wconf 73' lang='lat' dir='ltr'>Marcus.</span> <span class='ocrx_word' id='word_1_238' title='bbox 1027 1907 1082 1946; x_wconf 91' lang='lat' dir='ltr'>Et</span> <span class='ocrx_word' id='word_1_239' title='bbox 1108 1916 1220 1955; x_wconf 86' lang='lat' dir='ltr'>recte,</span> <span class='ocrx_word' id='word_1_240' title='bbox 1250 1923 1338 1962; x_wconf 78' lang='lat' dir='ltr'>quae</span> 
     </span>
     <span class='ocr_line' id='line_1_34' title="bbox 216 1960 1336 2021; baseline 0.005 -23"><span class='ocrx_word' id='word_1_241' title='bbox 216 1960 441 2021; x_wconf 71' lang='lat' dir='ltr'>praesertim,</span> <span class='ocrx_word' id='word_1_242' title='bbox 469 1972 547 1998; x_wconf 91' lang='lat' dir='ltr'>uno</span> <span class='ocrx_word' id='word_1_243' title='bbox 572 1960 757 1999; x_wconf 86' lang='lat' dir='ltr'>versiculo</span> <span class='ocrx_word' id='word_1_244' title='bbox 782 1964 948 2007; x_wconf 83' lang='lat' dir='ltr'>senatus,</span> <span class='ocrx_word' id='word_1_245' title='bbox 974 1969 1117 2013; x_wconf 78' lang='lat' dir='ltr'>puncto</span> <span class='ocrx_word' id='word_1_246' title='bbox 1141 1964 1336 2013; x_wconf 79' lang='lat' dir='ltr'>temporis,</span> 
     </span>
     <span class='ocr_line' id='line_1_35' title="bbox 218 2014 1336 2068; baseline 0.004 -16"><span class='ocrx_word' id='word_1_247' title='bbox 218 2015 379 2053; x_wconf 84' lang='lat' dir='ltr'>sublatae</span> <span class='ocrx_word' id='word_1_248' title='bbox 405 2014 505 2052; x_wconf 85' lang='lat' dir='ltr'>sint:</span> <span class='ocrx_word' id='word_1_249' title='bbox 540 2014 605 2053; x_wconf 81' lang='lat' dir='ltr'>lex</span> <span class='ocrx_word' id='word_1_250' title='bbox 633 2023 763 2054; x_wconf 86' lang='lat' dir='ltr'>autem</span> <span class='ocrx_word' id='word_1_251' title='bbox 787 2015 868 2063; x_wconf 80' lang='lat' dir='ltr'>ina,</span> <span class='ocrx_word' id='word_1_252' title='bbox 893 2016 1003 2065; x_wconf 84' lang='lat' dir='ltr'>cujus</span> <span class='ocrx_word' id='word_1_253' title='bbox 1028 2016 1107 2054; x_wconf 88' lang='lat' dir='ltr'>vim</span> <span class='ocrx_word' id='word_1_254' title='bbox 1135 2017 1336 2068; x_wconf 74' lang='lat' dir='ltr'>explioevi,</span> 
     </span>
     <span class='ocr_line' id='line_1_36' title="bbox 218 2068 1338 2121; baseline 0.004 -15"><span class='ocrx_word' id='word_1_255' title='bbox 218 2081 344 2120; x_wconf 87' lang='lat' dir='ltr'>neque</span> <span class='ocrx_word' id='word_1_256' title='bbox 364 2068 446 2106; x_wconf 90' lang='lat' dir='ltr'>tolli</span> <span class='ocrx_word' id='word_1_257' title='bbox 465 2081 590 2120; x_wconf 90' lang='lat' dir='ltr'>neque</span> <span class='ocrx_word' id='word_1_258' title='bbox 608 2069 784 2120; x_wconf 83' lang='lat' dir='ltr'>abrogari</span> <span class='ocrx_word' id='word_1_259' title='bbox 802 2077 936 2121; x_wconf 67' lang='lat' dir='ltr'>potest.</span> <span class='ocrx_word' id='word_1_260' title='bbox 991 2069 1173 2115; x_wconf 77' lang='lat' dir='ltr'>Quintus.</span> <span class='ocrx_word' id='word_1_261' title='bbox 1197 2071 1277 2111; x_wconf 84' lang='lat' dir='ltr'>Eas</span> <span class='ocrx_word' id='word_1_262' title='bbox 1294 2081 1338 2112; x_wconf 79' lang='lat' dir='ltr'>tu</span> 
     </span>
     <span class='ocr_line' id='line_1_37' title="bbox 219 2122 1341 2177; baseline 0.005 -18"><span class='ocrx_word' id='word_1_263' title='bbox 219 2123 338 2174; x_wconf 84' lang='lat' dir='ltr'>igitur</span> <span class='ocrx_word' id='word_1_264' title='bbox 361 2122 462 2173; x_wconf 85' lang='lat' dir='ltr'>leges</span> <span class='ocrx_word' id='word_1_265' title='bbox 486 2123 652 2174; x_wconf 87' lang='lat' dir='ltr'>rogabis,</span> <span class='ocrx_word' id='word_1_266' title='bbox 676 2123 864 2171; x_wconf 81' lang='lat' dir='ltr'>videlicet,</span> <span class='ocrx_word' id='word_1_267' title='bbox 890 2137 979 2176; x_wconf 82' lang='lat' dir='ltr'>quae</span> <span class='ocrx_word' id='word_1_268' title='bbox 1002 2136 1205 2177; x_wconf 76' lang='lat' dir='ltr'>nunquam</span> <span class='ocrx_word' id='word_1_269' title='bbox 1229 2127 1341 2165; x_wconf 83' lang='lat' dir='ltr'>abro-</span> 
     </span>
    </p>
   </div>
   <div class='ocr_carea' id='block_1_5' title="bbox 219 2177 1343 2271">
    <p class='ocr_par' dir='ltr' id='par_1_8' title="bbox 219 2177 1343 2271">
     <span class='ocr_line' id='line_1_38' title="bbox 219 2177 1343 2231; baseline 0.007 -19"><span class='ocrx_word' id='word_1_270' title='bbox 219 2177 390 2227; x_wconf 79' lang='lat' dir='ltr'>gentur?</span> <span class='ocrx_word' id='word_1_271' title='bbox 448 2178 630 2217; x_wconf 70' lang='lat' dir='ltr'>Marcus.</span> <span class='ocrx_word' id='word_1_272' title='bbox 658 2177 784 2227; x_wconf 82' lang='lat' dir='ltr'>Certe,</span> <span class='ocrx_word' id='word_1_273' title='bbox 810 2178 843 2218; x_wconf 85' lang='lat' dir='ltr'>si</span> <span class='ocrx_word' id='word_1_274' title='bbox 869 2178 986 2219; x_wconf 87' lang='lat' dir='ltr'>modo</span> <span class='ocrx_word' id='word_1_275' title='bbox 1007 2186 1171 2231; x_wconf 80' lang='lat' dir='ltr'>aoceptae</span> <span class='ocrx_word' id='word_1_276' title='bbox 1194 2191 1218 2218; x_wconf 82' lang='lat' dir='ltr'>a</span> <span class='ocrx_word' id='word_1_277' title='bbox 1236 2181 1343 2221; x_wconf 73' lang='lat' dir='ltr'>vobis</span> 
     </span>
     <span class='ocr_line' id='line_1_39' title="bbox 222 2230 516 2271; baseline 0.007 -2"><span class='ocrx_word' id='word_1_278' title='bbox 222 2230 374 2270; x_wconf 89' lang='lat' dir='ltr'>duobus</span> <span class='ocrx_word' id='word_1_279' title='bbox 393 2238 516 2271; x_wconf 80' lang='lat' dir='ltr'>erunt.</span> 
     </span>
    </p>
   </div>
  </div>
 </body>
</html>
