1470 2402
255 114 331 155 DE
362 113 626 162 OFFICIIS,
657 113 756 154 Lm.
781 113 862 154 ΙΙΙ.
893 114 998 154 ΟΑΡ.
1021 116 1086 154 29.
1151 117 1231 155 325

102 223 238 276 perire,
270 232 471 277 propterea
501 224 570 263 illa
601 224 726 277 prima
757 230 795 262 et
827 236 980 262 summa
1011 224 1227 271 habemus3

103 279 278 318 utilitatis
306 292 448 318 nomen
473 292 551 318 non
576 287 656 318 tam
682 278 927 331 splendidum
953 292 1073 331 quam
1104 293 1232 320 neces-

105 334 249 371 sarium
268 334 460 372 ducimus.

157 388 265 436 Quid
285 398 340 427 est
356 388 474 439 igitur
489 387 644 431 (dixerit
659 388 761 439 quis)
778 387 817 425 in
829 388 1081 437 jurejurando
1097 390 1114 427 Ρ
1132 401 1230 427 num

98 442 241 480 iratum
260 443 440 481 timemus
459 443 487 480 J
490 444 633 480 ovem?
676 443 735 480 At
752 442 824 480 hoc
842 442 1000 493 quidem
1020 455 1228 481 commune

99 503 156 535 est
180 498 356 535 omnium
381 496 712 548 phflosophorum‚
738 508 815 534 non
841 509 975 534 eorum
1000 496 1130 543 modo,
1161 497 1230 548 qui

99 551 232 589 Deum
250 551 347 589 nihil
365 551 505 590 habere
523 551 652 602 ipsum
671 551 813 601 negotii
827 550 974 597 dieunt,
991 558 1028 588 et
1044 551 1142 590 nihil
1162 565 1230 590 ex-

98 604 229 643 hibere
259 605 382 652 alteri,
412 605 477 644 sed
508 618 641 643 eorum
669 605 798 653 etiam,
827 605 894 656 qui
919 604 1052 643 Deum
1080 619 1231 658 semper

98 673 209 710 agere
234 660 381 712 aliquid
408 669 444 698 et
471 660 599 698 moliri
625 660 773 707 volunt,
801 671 1003 710 nunquam
1029 672 1099 698 nec
1118 661 1229 699 irasci

98 713 245 761 Deum,
273 728 342 753 nec
361 727 505 753 nocere.
551 713 660 761 Quid
679 722 808 751 autem
825 713 945 751 iratus
963 714 1120 764 Jupiter
1137 715 1229 766 plus

96 781 230 807 nocere
258 769 455 820 potuisset,
487 782 605 820 quam
639 768 769 806 nocuit
798 768 869 806 sibi
899 768 979 818 ipse
1014 769 1226 820 Regulus?

95 823 220 861 Nulla
244 823 362 875 igitur
387 824 443 862 vis
468 822 543 861 fuit
561 822 768 873 religionis,
796 836 884 875 quae
902 830 1051 860 tantam
1078 824 1227 862 utilita-

93 885 173 915 tem
192 885 432 929 perverteret.
468 878 552 925 An,
573 889 621 915 ne
640 878 800 928 turpiter
826 876 994 915 faceret?
1024 877 1223 927 Primum,

94 932 260 970 minima
284 933 331 970 de
355 932 480 970 malis.
521 932 633 970 Num
660 931 778 982 igitur
804 938 956 969 tantum
980 931 1075 969 mali
1100 932 1226 984 turpi-

92 987 186 1025 tudo
204 986 276 1024 ista
289 987 468 1036 habebat,
495 994 686 1038 quantum
703 986 769 1024 ille
783 985 972 1024 cruciatus
989 988 1006 1024 Ρ
1037 986 1223 1039 Denique

93 1041 194 1079 illud
213 1041 328 1079 etiam
348 1041 453 1093 apud
472 1040 646 1087 Attium,

144 1119 172 1140 “
194 1116 357 1179 Fregisti
375 1116 503 1156 fidem.
552 1117 692 1169 Neque
717 1115 818 1166 dedi,
840 1129 964 1169 neque
983 1115 1046 1167 do,
1066 1116 1217 1156 infideli

250 1172 477 1224 culquam,''

88 1258 328 1313 quamquam
353 1262 402 1299 ab
426 1260 548 1313 impio
572 1273 661 1313 rege
685 1260 838 1310 dicitur,
865 1261 1060 1301 luculente
1086 1268 1219 1301 tamen

95 1314 247 1353 dicitur.

141 1370 309 1408 Addunt
328 1370 457 1417 etiam,
478 1370 808 1422 quemadmodum
823 1383 892 1409 nos
907 1370 1079 1410 dicamus
1094 1372 1216 1410 videri

86 1424 267 1476 quaedam
296 1425 407 1463 utilia
437 1439 524 1477 quae
554 1438 633 1464 nou
663 1425 752 1472 sint,
785 1425 837 1463 sle
864 1439 902 1464 se
927 1425 1065 1472 dicere,
1096 1426 1219 1465 videri

86 1479 266 1529 quaedam
278 1478 451 1527 honesta,
472 1493 559 1531 quae
577 1492 655 1518 non
678 1480 777 1518 sint:
808 1487 853 1518 ut
871 1480 943 1518 hoc
961 1480 1091 1531 ipsum
1111 1480 1218 1519 vide-

85 1540 150 1571 tur
167 1533 386 1581 honestum,
403 1534 649 1572 conservandi
664 1533 915 1583 jurisjurandi
929 1535 1043 1572 causa}
1062 1534 1111 1572 ad
1130 1548 1218 1573 cru-

85 1587 229 1625 ciatum
249 1588 468 1634 revertisse3
502 1588 567 1626 sed
585 1589 630 1626 fit
647 1601 724 1626 non
743 1588 962 1636 honestum,
983 1588 1089 1639 quia,
1110 1588 1217 1640 quod

84 1655 153 1693 per
168 1641 247 1679 vim
262 1641 431 1679 hostium
446 1649 541 1680 esset
556 1651 700 1688 actum,
722 1649 849 1680 ratum
869 1655 948 1680 esse
966 1655 1044 1680 non
1063 1642 1210 1682 debuit.

84 1696 253 1734 Addunt
279 1696 409 1744 etiam,
435 1696 626 1748 quidquid
650 1696 761 1734 valde
779 1696 874 1734 utile
893 1696 955 1745 sit,
982 1696 1023 1734 id
1042 1696 1125 1734 fieri
1143 1697 1216 1736 ho-

84 1758 252 1797 nestum,
290 1750 405 1788 etiam
438 1750 470 1789 si
501 1758 613 1788 antea
644 1763 720 1788 non
754 1750 958 1788 videretur.
1002 1750 1102 1790 Haec
1133 1751 1214 1792 fere

84 1812 216 1844 contra
236 1805 448 1856 Regulum.
478 1804 554 1843 Sed
571 1805 698 1856 prima
716 1804 926 1843 videamus.

137 1859 303 1897 XXIX.
335 1860 426 1897 Non
456 1858 532 1896 fuit
555 1859 712 1921 Jupiter
741 1859 985 1907 metuendus,
1014 1871 1064 1898 ne
1092 1859 1215 1899 iratus

81 1921 257 1959 noceret3
288 1913 357 1965 qui
375 1926 501 1965 neque
518 1913 628 1952 irasci
646 1914 753 1962 solet,
781 1926 906 1965 neque
925 1926 1070 1952 nocere.
1112 1914 1214 1954 Haec

80 1968 240 2020 quidem
259 1968 355 2006 ratio
373 1980 451 2005 non
464 1968 589 2019 magis
608 1976 739 2006 contra
753 1968 966 2019 Regulum,
983 1981 1102 2021 quam
1122 1981 1221 2007 con.-

79 2029 140 2060 tra
159 2035 274 2060 omne
288 2022 578 2072 jusjurandum,
599 2022 711 2060 valet.
760 2022 849 2069 Sed,
881 2022 922 2060 in
939 2023 1208 2072 jurejurando,

78 2089 158 2115 non
177 2077 245 2128 qui
264 2084 403 2124 metus,
425 2077 490 2115 sed
509 2090 596 2128 quae
614 2077 670 2115 vis
690 2076 751 2124 sit,
773 2076 886 2115 debet
902 2077 1083 2129 intelligi.
1134 2079 1211 2117 Est

79 2131 183 2170 enim
195 2131 468 2181 jusjurandum
483 2131 686 2170 affirmatio
704 2131 892 2182 religiosa.
936 2131 1056 2180 Quod
1075 2140 1213 2172 autem

78 2185 280 2235 affirmate,
312 2187 423 2238 quasi
440 2186 527 2225 Deo
546 2193 654 2234 teste,
681 2186 912 2238 promiseris,
936 2185 978 2224 id
996 2187 1213 2226 tenendum

79 2246 159 2279 est:
178 2241 261 2290 jam
280 2241 398 2288 enim,
414 2254 492 2280 non
511 2240 561 2279 ad
578 2241 677 2281 iram
691 2240 883 2290 Deorum,
903 2253 991 2295 quae
1009 2241 1120 2282 nulla
1133 2249 1207 2289 est,

137 2295 327 2345 (Philos.)
357 2306 464 2335 v01..
488 2306 551 2334 1v.
809 2296 834 2333 2
856 2306 883 2334 r
