1470 2402
255 107 333 147 DE
363 106 627 154 OFFICIIS‚
643 106 743 144 Lm.
762 106 795 144 1.
812 106 918 145 cns.
937 107 998 145 ιο.
1113 98 1191 151 217

119 214 240 255 XVI.
269 215 432 268 Optime
449 223 580 254 autem
593 215 775 254 societas·
787 215 991 253 hominum
1011 216 1192 265 conjunc-

65 269 198 321 tioque
227 271 452 317 servabitur,
485 271 530 317 si,
561 277 607 308 ut
636 269 799 321 quisque
829 270 900 308 erit
929 270 1193 319 conjunctissi-

64 336 166 372 muS,
194 324 248 362 ita
271 325 313 362 in
335 337 426 362 eum
450 324 696 374 benignitatis
725 323 937 375 plurimum
966 323 1191 362 conferetur.

68 379 159 424 Sed,
180 392 268 430 quae
286 377 426 416 natura
449 378 678 429 principia
662 378 737 416 sint
762 377 1048 416 communitatis
1072 386 1109 415 et
1135 391 1194 416 so-

67 432 213 470 cietatis
246 432 443 479 humanae,
478 432 731 483 repetendum
766 432 880 470 altius
912 432 1072 469 wdetur.
1119 433 1194 470 Est

64 486 170 524 enim
201 486 388 537 primum,
423 485 528 537 quod
567 485 734 524 cernitur
769 485 810 523 in
842 485 1009 524 universi
1045 486 1193 536 generis

65 540 230 578 humani
257 540 457 578 societate:
489 540 572 589 ejus
591 547 722 577 autem
740 539 940 577 vinculum
959 547 1015 577 est
1040 540 1136 578 ratio
1155 548 1193 578 et

68 594 215 639 oratio;
263 608 365 646 quae,
405 593 589 640 docendo,
628 593 820 639 discendo,
858 594 1191 641 communicando,

69 648 330 711 disceptando,
361 648 585 698 judicando,
610 647 785 685 conciliat
813 647 912 686 inter
939 660 977 685 se
1006 648 1195 694 homines,

53 703 346 754 conjungitque
365 702 532 740 naturali
547 701 717 753 quadam
737 701 923 747 societate.
954 702 1096 754 Neque
1114 701 1195 740 una

66 769 109 795 re
137 757 290 807 longius
320 758 504 795 absumus
534 769 558 794 a
589 756 728 794 natura
759 755 942 817 ferarum,
975 755 1017 793 in
1050 757 1192 808 quibus

66 809 188 849 inesse
219 810 484 849 fortitudinem
517 823 618 861 saepe
646 809 823 857 dicimus,
855 817 899 847 ut
928 810 968 847 in
1000 811 1122 862 equis,
1152 814 1192 850 in

66 865 269 910 leonibus;
297 865 502 914 justitiam,
524 864 758 915 aequitatem,
777 864 1004 911 bonitatem,
1031 877 1109 903 non
1135 868 1194 905 di-

65 919 198 957 cimus.
230 919 330 957 Sunt
349 919 450 957 enim
470 918 627 956 rationis
645 925 682 956 et
700 918 880 956 orationis
900 927 1084 969 expertes.

119 974 183 1012 Ac
200 973 384 1011 latissime
402 972 560 1024 quidem
578 980 714 1024 patens
726 972 948 1010 hominibus
963 973 1060 1011 inter
1074 974 1190 1025 ipsos,

64 1028 246 1066 omnibus
263 1027 363 1066 inter
380 1039 527 1074 omnes,
555 1027 710 1064 societas
734 1026 816 1064 haec
839 1035 919 1071 est,
909 1040 918 1049 ·
950 1026 990 1064 in
1010 1028 1089 1079 quir
1108 1043 1192 1068 om-

69 1082 180 1120 nium
210 1094 354 1142 rerum,
387 1093 483 1132 quas
508 1080 558 1118 ad
582 1092 829 1119 communem
851 1080 1056 1120 hominum
1078 1097 1195 1122 usum

69 1144 208 1174 natura
231 1135 379 1187 genuit,
408 1142 463 1173 est
488 1134 674 1173 servanda
703 1135 984 1181 communitas;
1015 1143 1073 1184 ut,
1106 1152 1195 1190 quae

68 1190 257 1241 descripta
282 1197 372 1228 sunt
396 1189 547 1240 legibus
567 1196 604 1227 et
625 1190 712 1239 jure
731 1189 845 1235 civili,
865 1190 947 1227 haec
965 1190 1020 1227 ita
1038 1198 1194 1230 tenean-

67 1252 146 1294 tur,
159 1252 204 1282 ut
222 1244 271 1282 sit
288 1243 563 1282 constitutum:
595 1256 616 1282 e
634 1243 798 1295 quibus
787 1244 880 1294 lpsis
901 1251 1037 1282 caetera
1056 1246 1108 1284 sic
1126 1249 1194 1285 ob-

68 1305 278 1347 serventur,
300 1306 343 1337 ut
361 1298 403 1336 in
423 1298 647 1336 Graecorum
665 1297 864 1348 proverbio
884 1305 953 1346 est,
985 1300 1013 1320 ‘⁶
1033 1301 1195 1339 Amico-

68 1367 158 1392 rum
189 1366 268 1391 esse
297 1352 429 1391 omnia
454 1351 716 1391 communia-’⁹
756 1351 904 1390 Omnia
933 1359 1064 1391 autem
1090 1368 1195 1393 com-

68 1408 203 1446 munia
220 1407 426 1445 hominum
444 1406 623 1445 videntur
637 1419 695 1452 ea,
712 1419 800 1457 quae
819 1414 910 1444 sunt
927 1407 1076 1458 generis
1095 1411 1192 1458 ejus,

68 1462 187 1513 quod,
221 1463 270 1500 ab
301 1461 433 1500 Ennio
462 1460 633 1513 positum
664 1460 706 1498 in
736 1460 815 1499 una
845 1474 898 1509 re,
928 1461 1124 1502 transferri
1152 1464 1194 1502 in

68 1516 213 1555 mul-tas
229 1522 365 1567 potest.

125 1593 156 1613 “
177 1591 324 1640 Homo,
345 1591 414 1643 qui
433 1591 572 1630 erranti
591 1592 749 1630 comiter
766 1598 954 1631 monstrat
971 1592 1090 1641 viam,

125 1645 250 1693 Quasi
267 1646 401 1683 lumen
420 1646 467 1683 de
486 1659 554 1684 suo
572 1646 720 1685 lumine
739 1646 933 1693 accendat,
954 1646 1069 1685 facit:

126 1699 263 1737 Nihilo
281 1699 410 1737 minus
428 1699 503 1751 ipsi
520 1701 637 1748 lucet,
658 1713 749 1738 cum
767 1700 825 1738 ini
844 1701 1101 1739 accenderit.”

70 1789 164 1829 Une„
183 1801 232 1827 ex
252 1801 294 1826 re
312 1787 402 1826 satis
419 1787 654 1839 praecipitur,
678 1795 736 1832 ut,
765 1787 956 1839 quidquid
980 1787 1061 1827 sine
1079 1788 1195 1828 detri-

67 1842 336 1894 mentopossit
347 1841 595 1889 commodari,
615 1842 656 1879 id
670 1842 861 1880 tribuatur
879 1842 940 1879 vel
957 1841 1100 1893 ignoto.
1129 1844 1196 1884 Ex

70 1911 148 1950 quo
178 1904 268 1936 sunt
294 1896 363 1934 issa
385 1895 619 1944 communia,
642 1896 735 1933 Non
762 1895 963 1947 prohibere
988 1896 1091 1948 aqua
1108 1912 1197 1949 pro-

70 1953 238 1991 fluente:
271 1950 360 1988 Pati
393 1952 442 1989 ab
465 1950 555 2001 igne
579 1950 711 2001 ignem
736 1963 884 2001 capere,
913 1950 944 1988 si
969 1951 1056 2001 quis
1075 1952 1194 2000 velit;

74 2005 290 2045 Consilium
310 2005 422 2042 fidele
446 2004 673 2042 deliberanti
690 2004 804 2042 dare:
835 2017 923 2055 quae
941 2012 1032 2043 sunt
1056 2005 1102 2044 iis
1119 2008 1197 2045 uti-

69 2061 124 2098 lia
141 2060 211 2112 qui
229 2059 434 2110 accipiunt,
469 2058 577 2096 danti
594 2071 674 2096 non
698 2058 870 2096 molesta.
913 2058 1047 2106 Quare
1073 2068 1111 2099 et
1135 2062 1197 2101 his

69 2114 260 2153 utendum
279 2121 350 2161 est,
366 2120 403 2151 et
421 2126 571 2163 semper
593 2112 742 2164 aliquid
759 2112 809 2150 ad
827 2125 1073 2151 communem
1091 2115 1197 2153 utili..

70 2176 190 2207 tatem
208 2167 458 2206 afferendum.
489 2166 579 2215 Sed,
593 2167 779 2218 quoniam
790 2167 909 2218 copiae
926 2168 1197 2218 parvaesingu-

68 2223 198 2264 lorum
217 2229 335 2266 sunt3
366 2234 498 2260 eorum
519 2229 663 2268 autem,
691 2221 759 2273 qui
784 2221 846 2259 his
871 2230 1020 2272 egeant,
1047 2222 1197 2263 infinita

122 2277 310 2325 (Philus.)
332 2288 358 2315 ι
366 2287 524 2315 0L.1x.
840 2287 866 2314 u
