1470 2402
371 86 452 127 DE
480 83 782 134 AMICITIA,
797 82 905 124 cir.
929 83 992 123 ll.
1161 73 1243 127 379

106 194 226 236 simos
239 195 439 237 exstitisse.
469 195 622 248 Magna
640 195 743 234 enim
763 194 933 242 dissidia,
954 200 991 232 et
1009 191 1242 245 plerumque

104 251 212 300 justa
222 251 342 299 nasci,
362 264 452 290 cum
465 250 614 303 aliquid
633 252 682 288 ab
701 249 848 295 amicis,
869 247 975 301 quod
993 254 1142 285 rectum
1162 257 1240 284 non

106 313 219 354 esset,
251 306 534 358 postularetur;
576 312 621 343 ut
653 312 722 343 aut
756 304 928 343 libidinis
959 300 1140 346 ministri,
1171 307 1240 338 aut

109 358 304 409 adjutores
322 368 446 400 essent
464 360 513 398 ad
539 359 750 409 injuriam:
782 358 887 411 qued
916 357 983 410 qui
1009 362 1240 402 recusarent,

109 415 288 466 quamvis
302 415 460 454 honeste
478 415 519 452 id
538 414 717 461 facerent,
735 415 800 463 jus
822 421 950 451 tamen
977 410 1155 450 amicitiae
1174 409 1240 447 de-

109 481 231 508 serere
249 478 501 521 arguerentur
520 470 568 507 ab
587 468 633 506 iis
653 469 794 520 quibus
813 466 973 519 obsequi
991 466 1137 504 nollent
1152 478 1161 502 :
1193 464 1241 501 il-

107 522 167 561 los
184 531 330 572 autem,
350 524 419 576 qui
437 523 590 576 quidvis
609 524 657 561 ab
677 523 800 561 amico
825 522 1010 560 auderent
1032 518 1240 572 postulare,

109 578 367 629 postulatione
385 579 469 630 ipsa
483 578 667 630 profiteri,
688 577 819 615 onmia
833 589 872 614 se
894 575 1007 614 amici
1033 573 1147 612 causa
1163 585 1242 611 esse

109 631 277 671 facturos
293 648 304 671 z
336 646 469 671 eorum
489 632 645 684 querelss⁴
660 631 888 670 inveteratas
906 642 983 668 non
998 628 1113 667 medo
1129 627 1243 665 fami-

111 685 294 726 liaritates
313 688 508 739 exstingui
527 687 660 734 solere,
682 685 746 724 sed
766 686 881 724 etiam
898 685 986 723 odia
1010 683 1118 735 gigni
1143 695 1243 721 sem-

111 740 274 792 piterna.
305 741 404 780 Haec
428 742 483 780 ita
501 742 640 786 multa,
662 740 772 792 quasi
790 739 884 787 fata,
903 738 1126 790 impendere
1145 736 1244 774 arni-

109 795 222 844 citiis,
243 804 303 843 ut,
330 796 461 835 omnia
487 796 764 846 subterfugere,
786 806 864 832 non
890 793 1005 832 modo
1030 791 1242 844 sapientiae,

110 850 178 889 sed
197 850 313 889 etiam
331 850 537 898 felicitatis,
558 850 698 888 diceret
717 849 789 887 sibi
809 848 941 887 videri.

162 905 241 943 XI.
272 905 540 953 Quamobrem
559 905 599 942 id
618 904 790 956 primum
817 902 1029 950 videamus,
1050 901 1082 940 si
1099 901 1240 953 placet,

109 960 302 1011 quatenus
321 973 430 998 amor
442 959 483 998 in
503 959 672 998 amicitia
690 957 868 1010 progredi
883 957 1030 996 debeat.
1062 956 1188 1002 Num,
1210 955 1243 994 si

111 1014 340 1053 Coriolanus
358 1014 495 1052 habuit
514 1013 671 1060 amicos,
691 1013 788 1051 ferre
807 1021 939 1050 contra
957 1011 1120 1063 patriam
1134 1022 1244 1048 anna

109 1069 169 1107 illi
182 1082 272 1108 cum
287 1069 493 1108 Coriolano
508 1068 676 1107 debuere
689 1069 707 1106 ἓ
730 1079 827 1105 num
840 1066 1097 1105 Viscelliuum
1111 1064 1240 1111 amici,

108 1136 275 1175 regnum
301 1126 562 1176 akatentem,
582 1135 679 1161 num
699 1122 766 1174 Sp.
788 1120 985 1169 Maelium,
1013 1119 1231 1158 debuerunt

111 1179 242 1217 'uvare
259 1180 277 1218 ἓ

103 1191 121 1229 J
164 1233 230 1271 Ti.
251 1232 410 1286 quidem
438 1233 659 1272 Gracchum
678 1231 959 1285 rempublicam
978 1238 1198 1278 vexantem,
1219 1242 1243 1267 a

110 1287 164 1336 Q.
190 1287 414 1337 Tuberone,
440 1289 732 1340 aequalibusque
757 1287 904 1334 amieis,
929 1286 1155 1325 derelictum
1186 1284 1243 1322 vi-

111 1342 311 1381 debamus.
351 1343 411 1381 At
426 1342 472 1382 C.
492 1342 663 1390 Blosius,
684 1342 901 1387 Cumanus,
921 1341 1058 1393 hospes
1083 1339 1242 1378 familiae

110 1404 259 1444 vestrae,
281 1397 464 1444 Scaevola,
485 1410 575 1436 cum
595 1397 643 1435 ad
661 1410 740 1444 me,
761 1396 829 1449 qui
847 1396 1002 1434 aderam
1034 1394 1186 1433 Laenati
1205 1401 1244 1432 et

109 1451 273 1504 Rupilio
290 1452 513 1491 consulibus
531 1453 572 1490 in
598 1451 770 1498 consilio,
794 1451 1041 1502 deprecatum
1064 1449 1242 1494 venisset,

108 1505 226 1553 hanc,
259 1514 305 1545 ut
333 1506 406 1545 sibi
434 1507 687 1558 ignoscerem,
726 1518 882 1544 causam
909 1504 1105 1550 afferebat,
1137 1502 1243 1555 quod

109 1560 212 1599 tanti
225 1560 291 1598 Ti.
313 1560 535 1599 Gracchum
554 1560 717 1607 fecisset,
738 1567 797 1606 ut,
819 1558 1010 1611 quidquid
1029 1558 1094 1595 inc
1112 1558 1242 1604 vellet,

109 1615 184 1654 sibi
202 1614 424 1653 faciendum
451 1622 616 1667 putaret.
646 1615 756 1653 Tum
778 1627 862 1665 ego,
886 1617 914 1636 “
934 1613 1132 1659 Etiamne,
1153 1612 1184 1650 si
1204 1620 1243 1650 te

109 1670 150 1708 in
184 1669 423 1721 Capitolium
452 1669 553 1708 faces
579 1669 678 1708 ferre
705 1669 821 1707 vellet
836 1668 883 1707 ?''
926 1671 955 1690 “
978 1667 1241 1719 Nunquam,”

109 1724 253 1817 ἰῃιέιίῖ,
276 1727 305 1746 “
324 1723 563 1816 νοΙιξΞεεξῑέᾶ
582 1723 784 1776 quidem.”
806 1721 938 1815 “fSed,
954 1721 986 1759 si
999 1721 1180 1814 voluisse?1
1192 1721 1240 1760 ?’‘

111 1782 142 1802 “
199 1779 396 1817 aruissem.
481 1778 510 1815 'i
538 1779 608 1817 etis
669 1790 763 1816 uam
782 1789 830 1815 ne
847 1777 927 1815 aria
945 1789 1044 1814 vox:
1183 1789 1243 1814 er-

110 1834 186 1880 cle,
206 1833 262 1871 ita
280 1832 384 1880 fecit,
404 1833 466 1871 vel
488 1833 577 1884 plus
603 1791 720 1871 {afim
740 1844 858 1884 quam
878 1831 976 1870 dixit
992 1845 1002 1869 z
1033 1783 1242 1869 noe1i'enim

108 1887 240 1942 paruit
258 1887 325 1926 ille
347 1887 413 1925 Ti.
442 1887 607 1926 Gracchi
621 1887 840 1935 temeritati,
870 1886 936 1925 sed
957 1885 1141 1937 praefuit3
1171 1889 1243 1925 nee

111 1956 152 1982 se
170 1942 352 1981 comitem
370 1941 476 1980 iuius
493 1942 648 1990 furoris,
669 1941 736 1981 sed
757 1941 910 1990 ducem,
937 1940 1114 1993 praebuit.
1159 1940 1243 1979 Ita-

109 2011 200 2050 que,
238 1997 313 2035 hac
343 1996 528 2045 amentis,
563 1997 772 2048 quaestione
804 1996 904 2035 nova
933 1995 1169 2047 perterritus,
1199 1995 1242 2033 in

109 2052 251 2091 Asiam
269 2050 470 2103 profugit;
501 2051 551 2090 ad
579 2051 706 2090 hostes
738 2064 778 2090 se
799 2051 987 2095 contulit3
1017 2062 1148 2101 poenas
1167 2050 1242 2088 rei-

109 2106 277 2158 publicae
294 2118 428 2157 graves
449 2107 650 2158 justasque
671 2105 864 2159 persolvit.
906 2105 1031 2144 Nulla
1049 2112 1106 2143 oet
1122 2104 1241 2156 igitur

111 2160 308 2201 excusatio
325 2161 485 2213 peccati,
505 2161 538 2200 si
562 2161 677 2201 amici
701 2161 817 2201 causa
843 2159 1068 2213 peccaveris.
1116 2157 1241 2209 Nam,
