1470 2402
276 92 355 132 DE
385 92 687 143 AMICITIA,
706 92 813 133 CAP.
833 94 895 133 16.
1065 95 1150 134 385

14 199 167 250 infidos,
206 214 296 240 cum
330 203 413 252 jam
451 202 596 241 neutris
632 203 797 254 gratiam
835 202 973 242 referre
1004 211 1144 255 posset.

15 254 272 308 Quamquam
290 257 423 305 miror,
443 256 512 295 ina
531 257 711 309 superbia
730 265 768 296 et
785 257 1089 309 importunitate,
1114 258 1148 296 si

16 323 256 362 quemquam
286 311 426 350 habere
450 311 588 363 potuit.
632 312 768 363 Atque
795 320 841 350 ut
866 312 997 361 hujus,
1028 325 1146 364 quem

16 363 113 411 dixi,
147 378 271 404 mores
309 379 416 404 veros
448 366 590 404 amicos
619 379 752 417 parare
783 379 860 404 non
891 369 1071 428 potuere,
1096 366 1150 405 sic

15 417 231 458 multorum
265 433 355 472 opes
387 420 684 472 praepotentium
718 420 929 459 excludunt
961 421 1149 460 amicitias

15 472 158 512 fideles.
216 474 311 512 Non
331 474 434 513 enim
455 475 610 513 solum
600 487 683 526 ipsa
701 474 856 513 fortuna
875 488 973 514 caeca
991 484 1060 523 est,
1082 475 1148 514 sed

15 540 78 566 eos
93 528 209 567 etiam
229 529 460 580 plerumque
475 528 589 567 efficit
608 542 738 577 caeoeS,
752 543 849 581 quos
861 530 1063 581 complexa
1078 537 1145 568 est.

15 581 156 634 Itaque
186 583 397 622 efferuntur
426 583 484 621 illi
515 583 592 621 fere
622 583 775 622 fastidio
808 591 845 622 et
879 584 1118 622 contumacia
1133 599 1145 622 ι

14 648 141 689 neque
169 637 384 690 quidquam
411 637 615 689 insipiente
647 638 842 677 fortunato
867 639 1146 677 intolerabilius

14 691 97 730 fieri
115 700 250 744 potest.

66 745 203 798 Atque
234 746 308 785 hoc
337 746 495 799 quidem
525 747 652 786 videre
682 747 785 795 licet,
820 760 897 795 eos,
932 747 1001 800 qui
1031 758 1146 787 antea

10 801 222 840 commodis
231 801 388 840 fuerunt
399 801 586 849 moribus,
596 802 772 854 imperio,
784 807 1148 855 potestate,Prospe-

11 855 63 893 ris
81 855 438 903 rebus,immutari;
453 857 657 908 spernique
665 859 714 895 ab
728 857 773 895 iis
786 864 928 895 veteres
942 857 1144 906 amicitias,

13 908 206 961 indulgeri
231 910 351 949 novis.
394 910 503 959 Quid
534 919 664 949 autem
698 911 865 959 stultius,
887 924 1021 973 quam,
1054 924 1146 950 cum

11 964 229 1016 plurimum
248 965 380 1017 copiis,
402 965 662 1012 facultatibus,
679 966 816 1017 opibus
835 966 995 1018 possint,
1012 975 1148 1005 caetera

11 1031 161 1071 parare,
183 1033 271 1071 quae
293 1028 478 1072 parantur
497 1020 675 1072 pecunia,
701 1033 832 1072 equos,
856 1020 1038 1068 famulos,
1063 1034 1147 1059 ves-

11 1081 93 1112 tem
131 1073 339 1126 egregiam,
371 1087 461 1112 vasa
489 1074 682 1126 pretiosa;
712 1075 853 1113 amicos
883 1087 960 1113 non
994 1088 1143 1127 parare,

11 1127 200 1179 optimam
229 1136 266 1167 et
295 1129 596 1181 pulcherrimam
625 1129 727 1176 vitae,
755 1138 799 1168 ut
828 1126 883 1168 ita
901 1129 1043 1191 dicam,
1082 1143 1146 1168 su-

8 1182 272 1245 pellectilem?
315 1183 491 1246 Etenim,
523 1191 657 1222 caetera
686 1197 776 1222 cum
807 1192 958 1236 parant,
985 1184 1046 1223 cui
1074 1197 1146 1246 pa-

7 1245 107 1285 rent,
127 1238 315 1286 nesciunt,
336 1250 406 1276 nec
425 1239 536 1288 cujus
563 1251 678 1277 causa
703 1239 904 1277 laborent:
937 1239 1026 1301 ejus
1038 1239 1143 1278 enim

8 1298 65 1330 est
83 1291 244 1331 istorum
259 1292 456 1345 quodque,
471 1292 539 1345 qui
551 1292 669 1332 vincit
682 1293 852 1332 viribus.
885 1293 1143 1332 amicitiarum

9 1359 79 1385 sua
97 1347 240 1409 cuique
258 1356 458 1400 permanet
477 1347 623 1386 stabilis
643 1356 680 1386 et
706 1355 807 1386 certa
830 1348 1038 1399 possessio:
1083 1355 1143 1396 ut,

8 1400 125 1440 etiam
145 1402 176 1440 si
195 1402 263 1440 illa
281 1410 477 1450 maneant,
499 1415 587 1454 quae
606 1410 696 1441 sunt
714 1402 823 1454 quasi
842 1401 943 1440 dona
961 1401 1143 1450 fortunae,

8 1461 138 1494 tamen
173 1456 250 1495 vita
274 1456 434 1504 inculta,
455 1464 493 1494 et
511 1456 658 1495 deserta
676 1458 725 1495 ab
751 1457 898 1506 amicis,
919 1469 997 1495 non
1023 1457 1143 1508 possit

9 1522 90 1549 aese
105 1511 290 1560 jucunda.
321 1511 398 1550 Sed
415 1511 498 1549 haec
517 1510 712 1549 hactenus.

60 1563 182 1603 XVI.
212 1563 482 1603 Constituendi
500 1573 631 1602 autem
651 1573 755 1614 sunt,
776 1564 845 1617 qui
873 1565 949 1603 sint
971 1565 1012 1603 in
1041 1565 1140 1603 ami-

7 1618 100 1658 citia
115 1618 225 1666 fines,
243 1627 280 1658 et
299 1619 410 1671 quasi
428 1618 597 1667 termini,
619 1619 759 1671 diligen
764 1619 831 1657 di:
854 1619 901 1658 de
906 1620 1055 1671 'quibus
1067 1627 1143 1658 tres

5 1673 118 1712 video
132 1674 336 1712 sententias
349 1673 464 1712 ferri·
453 1702 465 1721 ,
486 1686 653 1725 quarum
668 1674 817 1712 nullam
816 1676 977 1735 ‘ptrobo
999 1686 1135 1722 unam,

6 1735 51 1766 ut
70 1727 204 1766 eodem
222 1728 339 1766 modo
358 1741 447 1778 erga
462 1728 633 1766 amicum
653 1727 778 1766 affecti
796 1727 931 1775 simus,
953 1741 1030 1779 quo
1050 1741 1141 1779 erga

4 1790 157 1821 nosmet
168 1782 292 1834 ipsos,
309 1783 483 1829 alteram,
500 1790 542 1820 ut
561 1790 689 1821 nostra
704 1782 744 1820 in
758 1782 899 1821 amicos
911 1784 1033 1821 benev
1034 1783 1141 1821 olen-

5 1836 61 1874 tia
79 1837 236 1875 illorum
256 1850 345 1888 erga
363 1849 432 1875 nos
450 1837 724 1875 benevolentiae
753 1837 896 1888 paxiter
925 1837 1141 1889 aequaliter.

6 1904 83 1942 que
101 1891 356 1942 respondeat;
386 1891 554 1938 tertiam,
575 1898 633 1940 ut,
654 1891 791 1944 quanti
810 1892 974 1944 quisque
994 1904 1033 1929 se
1058 1891 1142 1943 ipse

4 1944 110 1992 facit,
131 1944 229 1984 tanti
247 1945 315 1983 fiat
333 1947 381 1984 ab
400 1945 544 1984 amicis.

61 1999 218 2038 Harum
238 1999 356 2038 trium
385 1999 662 2038 sententiarum
694 2000 796 2038 nulli
825 2013 982 2053 prorsus
1012 2012 1143 2039 assen-

5 2053 91 2093 tior.
140 2055 225 2092 Nec
253 2053 357 2092 enim
375 2053 444 2092 illa
460 2054 588 2106 prima
606 2066 696 2093 vera
714 2062 784 2103 est,
805 2063 864 2103 ut,
886 2054 1142 2116 quemadmo-

4 2107 102 2146 dum
135 2108 176 2146 in
207 2121 246 2146 se
279 2107 457 2160 quisque,
488 2108 542 2147 sic
573 2109 614 2147 in
648 2109 818 2148 amicum
852 2109 901 2148 sit
932 2108 1141 2148 animatus.

3 2160 140 2210 Quam
157 2163 284 2201 multa
309 2163 428 2211 enim,
449 2176 538 2216 quae
555 2163 687 2202 nostra
706 2177 823 2203 causa
847 2175 1053 2215 nunquam
1079 2162 1141 2201 fa-

3 2228 191 2265 ceremus,
213 2216 379 2256 facimus
406 2217 522 2258 causa
546 2218 798 2259 amicorum?
826 2217 974 2271 precari
1005 2219 1054 2258 ab
1080 2216 1142 2256 in-

11 2276 14 2280 ·
61 2271 253 2320 (Philos.)
274 2282 467 2313 vox..1v.
534 2288 538 2291 -
736 2274 762 2311 2
784 2283 812 2312 ι.
