1470 2402
148 110 228 149 352
365 109 444 150 m:
472 109 833 163 SENECTUTE,
865 111 972 151 cn.
997 111 1059 152 ιε».

147 219 285 271 Atque
308 219 391 259 haec
415 219 574 272 quidem
602 219 729 259 studia
756 219 964 267 doctrinae3
999 233 1089 274 quae
1113 220 1273 274 quidem

146 273 401 325 prudentibus
434 286 472 314 et
504 277 600 314 bene
632 275 815 314 institutis
851 276 993 327 pariter
1031 288 1122 314 cum
1167 283 1279 315 aetate

149 336 347 367 crescunt:
384 338 428 368 ut
457 330 660 368 honestum
688 330 786 368 illud
816 329 967 368 Solonis
996 330 1058 376 sit,
1089 330 1194 383 quod
1221 329 1277 369 ait

149 382 334 421 versiculo
353 383 537 435 quodam,
559 387 621 427 (ut
640 391 728 422 ante
746 383 845 430 dixi)
867 397 1057 423 senescere
1075 397 1129 431 se,
1149 384 1277 423 multa

149 435 271 475 indies
289 437 546 477 addiscentem
562 452 572 476 :
604 439 683 490 qua
701 439 897 490 voluptate
915 438 1037 477 animi
1051 439 1161 478 nulla
1178 446 1279 478 certe

149 498 274 543 potest
293 505 372 531 esse
389 494 525 543 major.

203 545 299 584 XV.
330 547 457 585 Venio
477 559 580 586 nunc
598 546 648 586 ad
667 547 882 598 voluptates
901 547 1169 599 agricolarum,
1190 546 1279 600 qui-

148 599 223 638 bus
242 613 313 652 ego
332 601 601 640 incredibiliter
620 601 809 640 delector:
841 614 929 653 quae
955 614 1024 640 nec
1050 602 1133 640 ulla
1154 602 1279 654 impe·

148 652 309 692 diuntur
323 664 528 703 senectute,
545 663 583 694 et
597 656 694 694 mihi
709 655 758 694 ad
773 656 954 707 sapientis
968 656 1087 695 vitam
1102 656 1279 708 proxime

150 707 328 747 videntur
346 710 533 748 accedere.
565 710 725 749 Habent
739 710 841 748 enim
856 710 1043 749 rationem
1058 723 1147 749 cum
1162 710 1278 758 terra,

151 775 240 815 quae
264 775 465 816 nunquam
493 773 641 803 recusat
664 764 887 816 imperium,
909 777 978 803 nec
1004 777 1180 817 unquam
1199 764 1281 804 sine

149 818 269 856 usura
295 818 433 866 reddit,
461 819 565 870 quod
590 819 760 871 accepit;
796 818 861 857 sed
887 819 980 858 alias
1008 819 1170 866 minore,
1197 819 1280 871 ple-

150 884 318 924 rumque
335 874 494 923 majore,
516 886 605 912 cum
629 873 783 912 foenore.
826 872 1082 926 Quamquam
1106 886 1171 912 me
1194 872 1283 925 qui-

151 924 243 965 dem
262 938 339 965 non
358 927 505 966 fructus
523 927 653 974 modo,
675 927 741 966 sed
759 927 875 966 etiam
897 927 1018 979 ipsius
1036 936 1146 967 terrae
1164 927 1221 966 vis
1238 939 1283 967 ac

151 988 305 1029 natura,
318 981 499 1020 delectat:
521 995 623 1034 quae,
637 994 725 1020 cum
740 982 888 1033 gremio
902 982 1053 1021 mollito
1066 995 1111 1020 ac
1124 983 1282 1021 subacto

153 1046 284 1073 semen
304 1049 480 1087 sparsum
500 1037 674 1088 excepit;
704 1036 876 1088 primum
901 1035 942 1074 id
964 1043 1193 1075 occaecatum
1218 1048 1283 1075 co-

154 1087 263 1128 hibet
296 1093 360 1132 (ex
392 1103 470 1142 quo
500 1091 657 1138 occatio,
689 1104 776 1143 quae
803 1090 877 1129 hoc
917 1090 1046 1138 efficit,
1080 1090 1280 1129 nominata

153 1150 255 1189 est):
291 1143 442 1191 deinde,
473 1145 705 1196 tepefactum
734 1157 875 1196 vapore
902 1152 940 1183 et
958 1157 1176 1196 compressu
1195 1156 1281 1192 suo,

153 1196 362 1243 diffundit;
393 1206 430 1236 et
449 1199 550 1237 elicit
577 1199 860 1237 herbescentem
881 1211 929 1237 ex
948 1211 993 1237 eo
1022 1198 1281 1245 viriditatemg

154 1264 256 1304 quae,
277 1252 370 1290 nixa
393 1252 499 1290 fibris
525 1253 717 1304 stirpium,
745 1253 885 1291 sensim
912 1252 1106 1300 adolescit,
1133 1253 1283 1292 culmo·

154 1319 232 1357 que
257 1314 379 1345 erecta
404 1307 634 1358 geniculato,
659 1307 808 1358 vaginis
829 1308 912 1356 jam
939 1307 1049 1359 quasi
1072 1309 1284 1359 pubescens

154 1359 390 1406 includitur3
422 1374 442 1399 e
461 1361 602 1413 quibus
628 1374 718 1400 cum
743 1361 950 1408 emerserit,
977 1361 1106 1400 fundit
1131 1361 1284 1414 frugem

156 1414 265 1466 spici,
300 1415 433 1454 ordine
463 1424 662 1463 structam,
694 1424 731 1454 et
761 1423 892 1454 contra
923 1415 1055 1454 avium
1087 1415 1284 1455 minorum

157 1481 307 1508 morsus
330 1468 545 1522 [munitur]
568 1470 669 1508 vallo
688 1469 903 1508 aristarum.
933 1469 1043 1518 Quid
1062 1482 1132 1521 ego
1147 1469 1286 1510 vitium

156 1531 274 1571 satus,
295 1532 415 1571 ortus,
435 1524 684 1572 incrementa,
706 1536 1003 1563 commemorem
1019 1526 1037 1563 ?
1067 1524 1205 1563 Satiari
1219 1524 1286 1564 de-

155 1577 356 1616 lectatione
375 1590 452 1617 non
471 1591 642 1630 possum,
663 1586 709 1616 ut
730 1591 828 1617 meae
854 1578 1057 1617 senectutis
1075 1578 1287 1630 requietem

157 1632 561 1684 oblectamentumque
576 1633 749 1672 noscatis.
780 1632 934 1672 Omitto
949 1633 1052 1671 enim
1067 1633 1146 1670 vim
1161 1633 1286 1684 ipsam

156 1687 333 1725 omnium
359 1700 446 1738 quae
472 1696 704 1738 generantur
729 1700 750 1725 e
774 1687 899 1725 terrai
930 1700 1018 1738 quae
1042 1699 1091 1725 ex
1117 1687 1179 1726 fici
1201 1695 1287 1725 tan-

156 1741 240 1779 tulo
258 1753 392 1792 grano,
413 1749 481 1778 aut
499 1754 547 1779 ex
573 1741 682 1780 acino
707 1741 877 1789 vinaceo,
898 1749 966 1779 aut
991 1753 1039 1779 ex
1064 1749 1287 1780 caeterarum

155 1794 316 1846 frugum
344 1808 388 1834 ac
413 1795 591 1846 stirpium
617 1795 885 1834 minutissimis
911 1795 1134 1843 seminibus,
1163 1803 1288 1834 tantos

156 1856 312 1888 truncos
340 1862 543 1900 ramosque
570 1857 769 1901 procreat:
808 1849 993 1895 malleoli,
1022 1849 1179 1901 plantae,
1209 1862 1288 1888 aar·

157 1911 305 1951 menta,
335 1903 570 1950 viviradices,
601 1903 843 1955 propagines,
871 1916 1000 1942 nonne
1030 1917 1074 1942 ea
1102 1903 1285 1952 efficiunt,

158 1964 202 1995 ut
222 1957 398 2009 quemvis
423 1970 512 1996 cum
539 1958 791 1996 admiratione
817 1957 1034 1996 delectent?
1076 1957 1178 1996 Vitis
1200 1957 1287 2010 qui-

158 2010 263 2059 dem,
294 2025 382 2063 quae
409 2012 548 2050 natura
575 2011 719 2050 caduca
746 2019 816 2059 est,
844 2019 895 2059 et,
924 2012 999 2049 nisi
1026 2012 1126 2049 fulta
1149 2012 1211 2059 sit,
1238 2011 1288 2050 ad

160 2072 301 2103 terram
321 2066 468 2112 fertur3
499 2065 648 2113 eadem,
675 2074 720 2104 ut
747 2078 786 2104 se
810 2066 945 2117 erigat,
973 2065 1168 2104 claviculis
1193 2066 1286 2111 suis,

160 2119 272 2171 quasi
301 2120 496 2168 manibus,
526 2119 718 2172 quidquid
750 2127 808 2158 est
837 2128 963 2167 nacta,
995 2119 1260 2171 complectitur
1273 2134 1286 2158 ε

159 2186 295 2226 quam,
322 2182 535 2226 serpentem
562 2173 769 2226 multiplici
790 2174 903 2226 lapsu
929 2181 967 2212 et
991 2174 1163 2223 erratico,
1189 2173 1290 2212 ferro

160 2236 367 2280 amputans
389 2232 535 2269 coe'rcet
559 2241 621 2268 ars
645 2227 916 2280 agricolarum,
936 2240 985 2267 ne
1010 2227 1183 2268 silvescat
1207 2240 1287 2266 sar-
