1470 2402
205 86 259 125 36
312 84 391 125 DE
419 84 837 137 DIVINATIONE,
852 84 955 125 Lm.
975 85 1010 125 1.
1024 85 1130 126 ΟΑΡ.
1144 87 1211 126 41.

201 201 290 242 tres,
309 194 429 233 nobili
446 194 529 233 loco
552 202 674 241 natos,
701 193 806 246 apud
828 195 991 244 majores
1014 203 1160 234 nostros
1183 187 1318 245 fuisse,

202 248 385 299 scriptum
415 248 599 287 videmus.
643 247 783 296 Quid?
816 248 1024 299 Polyidum
1055 249 1317 299 Corinthium,

199 313 327 340 nonne
353 302 560 351 Homerus,
588 309 624 340 et
649 302 733 340 aliis
757 302 895 350 multa,
921 309 958 341 et
982 302 1061 342 filio
1085 303 1134 341 ad
1152 303 1317 353 Trojam

199 355 446 406 proficiscenti
459 364 636 405 mortem,
649 355 868 417 praedixisse
881 359 1185 396 commemorat?
1214 357 1319 396 Om-

198 410 291 448 nino
310 410 412 461 apud
431 418 584 458 veteres,
605 411 673 462 qui
692 423 821 448 rerum
838 410 1093 461 potiebantur,
1109 411 1226 449 iidem
1245 425 1316 450 311-

198 463 309 514 guria
326 466 516 502 tenebant.
544 465 601 503 Ut
620 464 723 502 enim
749 477 891 525 sapere,
913 464 965 503 sic
983 465 1167 531 divinare,
1186 465 1314 516 regale

196 517 398 566 ducebant,
419 526 463 556 ut
481 518 584 556 testis
599 526 653 556 est
671 526 801 556 nostra
817 518 973 557 civitas·
961 547 975 564 ,
1004 520 1044 557 in
1064 533 1142 570 qua
1154 526 1191 558 et
1209 532 1317 570 reges

196 584 373 622 augures,
394 579 432 610 et
448 580 578 624 postea
595 572 734 624 privati
760 572 892 610 eodem
917 573 1122 611 sacerdotio
1146 573 1313 624 praediti,

194 625 472 677 rempublicam
491 627 720 677 religionum
744 626 966 665 auctoritate
984 635 1175 666 rexerunt.

247 679 364 718 XLI.
392 679 531 731 anue
561 680 839 718 divinationum
870 681 967 718 ratio
998 693 1047 719 ne
1073 681 1115 718 in
1141 681 1312 720 barbaris

192 733 349 785 quidem
375 735 552 784 gentibus
574 734 746 785 neglecta
769 742 848 772 est:
880 734 1069 786 siquidem
1095 742 1132 773 et
1155 735 1196 773 in
1216 735 1312 774 Gal-

190 787 244 825 lia
263 787 424 825 Druidae
442 795 545 835 sunt,
566 801 586 826 e
605 788 745 839 quibus
763 788 843 840 ipse
860 787 1098 827 Divitiacum
1116 789 1310 840 AEduum,

190 840 380 892 hospitem
399 849 512 880 tuum
533 816 861 894 laudatoremque,
882 843 1070 894 cognovi,
1099 843 1167 895 qui
1185 851 1223 882 et
1240 856 1310 882 na-

189 902 287 933 turae
304 895 490 934 rationem
510 898 645 947 (quam
659 896 938 948 physiologiam
954 897 1079 936 Graeci
1096 898 1309 960 appellant)

188 957 320 987 notam
333 962 410 988 3333
424 949 496 988 sibi
507 950 778 1001 profitebatur3
806 958 856 999 et,
870 951 1010 1002 partim
1022 952 1205 1003 auguriis,
1220 965 1308 1014 par-

188 1003 260 1041 tim
288 1003 518 1053 conjectura,
545 1017 632 1055 quae
659 1012 781 1042 essent
807 1004 952 1053 futura,
981 1005 1139 1044 dicebat.
1182 1006 1238 1044 Et
1264 1007 1307 1045 in

189 1057 314 1095 Persis
332 1064 568 1108 augurantur
587 1065 624 1096 et
641 1057 814 1096 divinant
832 1058 959 1110 Magi,
981 1059 1048 1112 qui
1070 1072 1306 1112 congregan-

189 1117 251 1148 tur
269 1111 309 1148 in
327 1112 417 1149 fano
436 1111 718 1150 commentandi
737 1125 864 1161 causa,
884 1120 999 1164 atque
1017 1114 1115 1151 inter
1133 1127 1171 1152 se
1189 1115 1306 1153 collo-

188 1165 356 1216 quendi;
387 1165 490 1217 quod
509 1165 624 1203 etiam
642 1165 744 1203 idem
757 1179 822 1204 vos
835 1167 1030 1217 quondam
1045 1167 1166 1206 facere
1179 1169 1306 1208 Nonis

186 1219 375 1257 solebatis.
415 1219 500 1257 Nec
522 1219 727 1270 quisquam
751 1233 819 1257 rex
838 1220 1043 1259 Persarum
1067 1229 1191 1283 potest
1209 1235 1302 1271 esse,

185 1273 254 1324 qui
286 1286 362 1311 non
394 1281 482 1312 ante
512 1273 724 1324 Magorum
756 1273 997 1326 disciplinam
1029 1275 1304 1329 scientiamque

183 1327 401 1378 perceperit.

237 1381 348 1419 Licet
364 1389 492 1420 autem
512 1381 637 1421 videre
655 1389 693 1421 et
710 1394 849 1433 genera
862 1383 1053 1435 quaedam,
1072 1392 1110 1422 et
1128 1384 1300 1424 nationes

182 1434 273 1473 huic
297 1436 459 1473 scientiae
481 1436 636 1474 deditas.
677 1437 926 1475 Telmessus
916 1450 955 1475 111
979 1437 1091 1476 Caria
1110 1446 1189 1477 est.
1221 1440 1301 1491 qua

182 1489 223 1526 in
242 1491 336 1527 urbe
356 1490 505 1528 excellit
522 1490 767 1542 haruspicum
782 1491 990 1543 disciplina.
1022 1493 1200 1544 Itemque
1214 1493 1299 1532 Elis

181 1542 219 1581 in
243 1543 502 1594 Peloponneso
521 1544 685 1583 familias
713 1545 807 1583 duas
825 1553 942 1584 certas
969 1545 1096 1593 habet,
1128 1547 1298 1586 Iamida-

180 1609 269 1634 rum
288 1610 421 1644 unam,
443 1599 599 1636 alteram
619 1599 874 1646 Clutidarum,
890 1600 1140 1651 haruspicinae
1159 1602 1298 1640 nobili-

180 1657 257 1689 tate
276 1659 505 1702 praestantes.
551 1653 600 1690 In
620 1653 732 1704 Syna
757 1654 928 1692 Chaldaei
947 1655 1159 1705 cognitione
1177 1664 1297 1694 astro-

179 1717 281 1752 rum,
306 1706 546 1757 sollertiaque
571 1707 825 1769 ingeniorum,
853 1709 1093 1746 antecellunt.
1136 1709 1295 1749 Etruria

179 1767 308 1797 autem
334 1759 380 1796 de
406 1760 498 1797 coelo
523 1768 622 1798 tacta
648 1761 891 1800 scientissime
909 1763 1201 1809 animadvertit3
1231 1777 1294 1803 ea-

177 1812 342 1873 demque
377 1813 658 1864 interpretatur,
696 1815 791 1867 quid
827 1816 1042 1868 quibusque
1074 1793 1294 1858 ostendatur

175 1866 352 1905 monstris
378 1876 492 1918 atque
517 1869 710 1918 portentis.
750 1870 940 1918 Quocirca
964 1872 1059 1908 bene
1078 1871 1181 1922 apud
1207 1884 1291 1910 ma-

169 1920 269 1968 jores
287 1928 432 1959 nostros
460 1928 625 1983 senatuS,
652 1931 750 1971 tum,
773 1937 861 1962 cum
886 1924 1078 1963 florebat
1067 1926 1288 1977 lmperium,

172 1973 348 2022 decrevit,
369 1983 426 2021 ut,
443 1975 489 2012 de
508 1975 724 2028 principum
743 1978 844 2025 filiis,
862 1992 928 2017 sex
942 1979 1101 2030 singulis
1120 1979 1290 2019 Etruriae

169 2028 344 2079 populis
335 2041 373 2066 111
389 2028 626 2080 disciplinam
643 2032 891 2079 traderentur,
908 2045 956 2071 ne
967 2046 1025 2072 ars
1040 2041 1159 2094 tanta,
1172 2047 1288 2085 prop-

169 2088 225 2120 ter
243 2082 466 2121 tenuitatem
484 2083 700 2133 hominum,
721 2099 745 2124 a
759 2087 960 2138 religionis
978 2087 1199 2126 auctoritate
1217 2089 1286 2126 ab·

168 2135 367 2177 duceretur
398 2136 448 2176 ad
475 2138 688 2178 mercedem
717 2147 833 2193 atque
864 2148 1066 2195 quaestum.
1110 2141 1284 2195 Phryges
