1470 2402
228 95 308 141 314
381 101 461 143 ΒΕ
490 103 1112 154 OFFICIIS,L11³.III.CA1³.
1135 105 1200 145 18.

229 200 451 260 nascuntur,
471 220 516 252 ut
534 213 645 252 utilia
663 227 754 253 cum
766 215 934 254 honestis
951 227 1126 268 pugnare
1143 213 1358 253 videantur.

237 264 393 312 Quotus
413 267 515 306 enim
546 268 710 321 quisque
728 269 950 321 reperietur,
971 269 1053 321 qui,
1072 269 1303 321 impunitate
1325 274 1363 305 et

229 318 467 370 ignoratione
495 323 672 361 omnium
702 323 909 376 proposita,
930 322 1119 362 abstinere
1146 323 1266 375 possit
1295 323 1357 361 in-

230 374 370 423 juria?

288 429 457 469 XVIII.
487 430 768 479 Periclitemur,
789 431 821 470 si
839 432 1009 484 placet,
998 431 1097 470 10115
1116 429 1274 484 quidem
1293 443 1361 469 ex-

234 485 387 536 emplis,
414 485 455 523 in
485 486 626 537 quibus
648 486 795 538 peccari
815 487 954 538 vulgus
982 486 1186 525 hominum
1205 485 1364 524 fortasse

234 550 312 577 non
331 547 455 602 putat.
500 540 642 592 Neque
660 541 763 579 enim
783 540 830 579 de
848 540 1003 589 sicariis,
1030 540 1221 588 veneficis,
1249 546 1364 578 15513-

235 595 447 643 mentariis,
464 594 629 642 furibus,
649 595 946 647 peculatoribus,
969 595 1042 634 hoc
1068 595 1152 633 1050
1180 569 1365 632 (115551511-

236 647 332 686 dum
346 657 426 695 est;
458 648 526 701 qui
540 661 618 687 non
633 663 657 687 v
659 650 757 688 erbis
772 657 861 688 sunt
873 657 910 688 et
928 649 1185 701 disputatione
1195 648 1365 700 philoso-

235 702 418 754 phorum,
439 703 505 742 sed
524 703 687 742 vinculis
707 711 743 742 et
761 717 921 751 carcere,
947 703 1159 754 fatigandi·
1190 702 1257 741 sed
1280 702 1365 740 1185

237 757 533 806 consideremus,
550 771 640 810 quae
658 758 832 797 faciunt'
821 758 863 805 11,
885 758 952 810 qui
977 757 1169 796 habentur
1186 756 1291 795 boni.

308 811 422 851 Lucii
446 787 614 851 Mitiucii
635 813 773 859 Basili,
794 811 994 864 locupletis
1020 811 1202 858 hominis,
1222 810 1366 849 falsum

237 873 511 905 testamentum
531 866 690 918 quidam
721 880 741 906 5
767 867 917 905 Graecia
937 867 1107 905 Romam
1127 865 1363 903 attulerunt·
1352 894 1363 903 .

236 919 341 972 quod
361 934 437 972 quo
456 919 605 960 facilius
623 921 850 969 obtinerent,
876 921 1101 972 scripserant
1114 918 1283 958 haeredae
1307 932 1366 958 se-

239 988 330 1014 cum
350 974 411 1013 M.
436 974 618 1014 Crassum
639 984 676 1014 et
695 975 747 1024 Q.
774 974 1044 1022 Hortensium,
1067 974 1243 1013 homines
1265 975 1367 1024 ejus-

240 1029 329 1068 dem
364 1029 484 1068 813115
513 1030 820 1082 potentissimos3
864 1029 946 1082 qui,
980 1042 1070 1068 511111
1098 1028 1198 1067 111οᾶ
1224 1027 1367 1066 falsum

239 1097 319 1122 esse
338 1084 633 1135 suspicarentur,
655 1085 727 1123 sibi
750 1092 880 1123 autem
908 1083 1054 1122 1111111115
1082 1089 1205 1122 essent
1230 1081 1369 1121 50115511

239 1139 376 1189 culpae,
398 1137 512 1176 alieni
541 1137 718 1177 facinoris
740 1139 1017 1177 munusculum
1036 1150 1114 1176 non
1143 1136 1368 1188 repudiave-

237 1200 340 1231 runt.
389 1191 497 1240 Quid
526 1193 643 1243 ergo.
675 1192 758 1231 sati'
761 1194 800 1231 n’
820 1193 892 1231 hoc
911 1199 981 1238 est,
1002 1199 1047 1230 ut
1065 1204 1143 1231 non
1163 1189 1368 1242 deliquisse

238 1245 472 1285 videantur?
503 1245 609 1285 Mihi
638 1246 795 1299 quidem
815 1259 892 1285 non
920 1245 1096 1291 videtur3
1127 1257 1367 1298 quamquam

239 1301 405 1338 alterum
434 1300 561 1339 amavi
591 1302 739 1348 vivum,
760 1301 924 1339 alterum
953 1313 1031 1338 non
1061 1300 1125 1339 odi
1154 1306 1367 1338 mortuum.

241 1354 331 1401 Sed,
357 1367 446 1392 cum
475 1354 630 1394 Basilus
659 1355 720 1393 M.
750 1355 934 1403 Satrium,
964 1354 1100 1393 sororis
1130 1353 1271 1401 filium,
1299 1365 1370 1391 no-

240 1421 329 1446 men
351 1422 465 1447 suum
486 1408 583 1448 ferre
602 1408 796 1458 voluisset,
818 1422 985 1461 eumque
997 1408 1145 1447 fecisset
1162 1406 1369 1455 haeredem,

243 1465 272 1486 ‘⁴
294 1461 414 1501 Hunc
433 1462 516 1501 dico
547 1471 756 1516 patronum
787 1463 869 1515 agri
901 1463 1033 1502 Pioeni
1056 1470 1094 1501 et
1117 1461 1295 1510 Sabini,”
1329 1464 1370 1504 (ο

241 1525 396 1569 turpem
410 1526 543 1556 notam
556 1526 774 1570 temporum
785 1518 941 1556 illorum
953 1517 984 1564 !)
997 1529 1092 1556 num
1106 1524 1185 1555 erat
1197 1528 1369 1568 aequum,

241 1571 432 1623 principes
451 1572 549 1610 cives
567 1585 649 1611 rem
667 1571 821 1619 habere,
843 1572 892 1610 ad
912 1572 1082 1611 Satrium
1101 1571 1213 1619 nihil,

243 1638 400 1672 nomen,
425 1626 657 1678 pervenire?
699 1626 872 1675 Etenim,
893 1626 924 1665 si
942 1625 989 1674 is,
1011 1625 1079 1678 qui
1103 1638 1181 1663 non
1200 1623 1371 1663 defendit

243 1679 442 1729 injuriam,
456 1693 588 1742 neque
606 1681 804 1733 propulsat
824 1695 847 1719 a
866 1680 958 1727 suis,
973 1692 1063 1719 cum
1076 1687 1213 1731 potest,
1229 1678 1372 1729 injuste

238 1734 332 1772 facit
360 1738 420 1777 (ut
453 1733 493 1772 in
521 1735 647 1786 primo
672 1735 771 1774 libro
804 1734 995 1782 disserui),
1016 1734 1140 1787 qualis
1171 1732 1372 1772 habendus

243 1795 299 1827 est
326 1788 372 1834 is,
394 1788 462 1840 qui
489 1801 567 1827 non
587 1789 702 1827 modo
721 1802 799 1828 non
828 1788 992 1841 repellit,
1014 1788 1080 1827 sed
1110 1788 1226 1826 etiam
1259 1786 1372 1836 adju

244 1849 309 1880 vat
340 1841 552 1892 injuriam?
590 1844 695 1882 Mihi
721 1843 877 1896 quidem
905 1843 1020 1882 etiam
1043 1855 1142 1881 verae
1169 1841 1371 1880 haeredita·

243 1904 299 1935 tes
319 1909 396 1935 non
410 1897 580 1935 honestae
598 1897 789 1945 videntur,
811 1898 842 1936 si
862 1898 938 1936 sint
955 1896 1153 1935 malitiosis
1174 1894 1371 1935 blanditiis

243 1950 471 1997 officiorum,
504 1964 582 1989 non
624 1952 795 1999 veritate,
826 1951 891 1990 sed
934 1951 1190 1998 simulatione,
1233 1949 1373 2001 (111851-

244 2012 304 2042 18.
353 2005 494 2056 Atqui,
523 2005 562 2043 in
591 2007 733 2044 talibus
759 2007 886 2049 rebus,
908 2005 1015 2044 aliud
1041 2005 1135 2043 utile
1161 2003 1371 2049 interdum,

245 2058 352 2097 aliud
396 2059 617 2107 honestum,
666 2059 786 2099 videri
825 2061 931 2099 solet.
992 2059 1130 2097 Falso:
1176 2071 1268 2096 nam
1310 2070 1372 2095 ea-

245 2111 334 2150 dem
353 2113 542 2159 utilitatis,
563 2128 651 2166 quae
675 2114 898 2162 honestatis,
925 2121 980 2152 est
1005 2113 1149 2165 regula.
1191 2111 1273 2159 Qui
1300 2111 1374 2149 hoc

241 2177 319 2204 non
342 2167 562 2218 perviderit,
597 2171 645 2207 ab
675 2168 748 2208 hoc
777 2168 888 2207 nulla
919 2167 1025 2206 fraus
1051 2166 1185 2213 aberit,
1215 2165 1372 2203 nullum

240 2218 400 2260 facinus.
444 2221 508 2261 Sic
533 2223 636 2262 enim
656 2222 841 2275 coffinus,
865 2225 893 2246 “
914 2222 987 2261 Est
1004 2222 1104 2261 istuc
1122 2219 1280 2273 quidem
1299 2218 1371 2257 ho-
