1470 2402
178 117 255 157 16⁴2.
338 116 417 156 DE
447 115 713 165 LEGIBUS,
734 116 835 156 L113.
856 116 917 157 ΙΙ.
937 117 1046 158 CAP.
1067 117 1132 157 1⁰.

175 238 252 273 ies,
277 224 444 273 feciales,
464 226 612 277 judices
643 225 722 266 duo
753 234 892 266 sunto:
922 225 1027 266 bella
1055 225 1304 278 disceptante.

179 280 377 331 Prodigia,
408 288 597 343 portenta,
631 281 681 319 ad
713 281 897 321 Etruscos
933 288 972 320 et
1006 279 1242 343 haruspices,
1273 280 1307 319 si

178 342 334 373 senatus
366 335 536 385 jusserit,
570 335 795 375 deferunto.
836 335 1083 386 Etruriaeque
1117 334 1309 387 principes

179 388 423 440 disciplinam
441 390 611 429 docento.
643 389 799 437 Quibus
817 389 930 428 Divis
949 389 1149 438 creverint,
1169 401 1309 441 procu-

179 452 318 489 ranto;
348 444 543 496 iidemque
561 444 718 495 fulgura
737 454 853 497 atque
871 444 1011 484 obstita
1028 443 1172 495 pianto.
1201 443 1309 485 Noc-

179 504 295 535 turna
309 499 519 537 mulierum
539 499 720 537 sacrificia
737 511 787 538 ne
805 507 932 547 sunto,
952 506 1090 550 praeter
1107 498 1200 545 olla,
1219 511 1310 550 quae

180 564 251 603 pro
276 552 421 604 populo
446 553 516 591 rite
534 553 655 591 fiant:
686 565 782 592 neve
809 566 928 606 quem
945 553 1137 603 initiante,
1157 552 1246 602 nisi,
1265 559 1311 591 ut

181 607 320 644 assolet
334 607 478 655 Cereri,
494 608 630 646 Graeco
649 621 766 646 sacro.

239 661 444 700 “Sacrum
464 662 728 723 commissum,
755 661 860 714 quod
883 675 1010 714 neque
1031 661 1179 724 expiari
1202 669 1312 714 pote-

182 714 248 761 rit,
285 715 405 767 impie
442 716 692 755 commissum
724 725 807 755 est:
845 717 951 768 quod
979 716 1127 768 expiari
1157 717 1312 769 poterit,

183 770 330 821 publici
359 770 568 809 sacerdotes
599 784 687 823 exp·
676 779 791 810 anto.
841 771 966 810 Ludis
992 770 1172 822 publicis,
1206 771 1311 823 quod

183 824 266 862 sine
286 824 474 863 curriculo
489 833 527 863 et
545 825 626 864 sine
644 826 848 866 certatione
867 838 1071 878 corporum
1088 824 1170 875 fiat,
1189 837 1315 878 popu-

184 878 242 916 lar
224 890 305 916 em
331 879 534 918 laetitiam
524 892 564 917 111
587 888 701 919 cantu
721 888 758 918 et
775 880 918 919 fidibus
935 889 973 918 et
991 880 1094 919 tibiis
1113 880 1315 918 moderan-

185 939 226 971 to
243 946 254 977 ς
273 946 436 985 eamque
447 947 537 972 cum
553 934 701 972 Divum
711 935 855 974 honore
865 936 1074 986 jungunto.
1103 934 1169 973 Ex
1183 934 1316 986 patriis

185 986 322 1025 ritibus
348 996 509 1039 optuma
528 988 694 1028 colunto.
726 990 871 1029 Praeter
895 989 1013 1028 Idaeae
1029 989 1163 1028 matris
1187 989 1317 1028 farnu-

184 1041 257 1089 los,
279 1054 417 1094 eosque
434 1043 547 1092 justis
566 1043 716 1091 diebus,
743 1045 880 1096 nequis
907 1044 1046 1096 stipem
1071 1044 1208 1096 cogito.
1244 1045 1315 1083 Sa-

185 1107 312 1143 crum,
327 1110 479 1135 sacrove
492 1098 821 1146 commendatum,
836 1098 904 1150 qui
918 1098 1092 1150 clepserit
1104 1098 1315 1151 tapsitque,

186 1150 376 1201 parricida
401 1160 492 1190 esto.
538 1152 707 1202 Perjurii
731 1166 844 1204 poena
871 1153 1002 1191 divina
1020 1153 1211 1199 exitium;
1240 1153 1316 1192 hu-

186 1216 318 1252 mana,
333 1204 508 1245 dedecus.
539 1207 735 1245 Incestum
754 1207 952 1258 pontifices
970 1220 1150 1259 supremo
1168 1209 1318 1270 suppli-

187 1258 246 1297 cio
270 1259 481 1298 sanciunto.
513 1261 665 1312 Impius
689 1273 738 1299 ne
757 1261 896 1301 audeto
913 1262 1065 1313 plaoere
1088 1261 1228 1300 donis
1217 1275 1316 1310 iram

188 1311 377 1352 Deorum.
427 1314 551 1353 Caute
569 1323 658 1354 vota
682 1315 885 1355 reddunto.
925 1316 1048 1355 Poena
1065 1317 1197 1356 violati
1217 1318 1318 1367 juris

187 1375 280 1406 esto.
324 1366 556 1421 [Quocirca]
577 1382 626 1409 ne
651 1370 739 1422 quis
763 1383 901 1422 agrum
928 1379 1156 1410 consecrato.
1194 1372 1315 1422 Auri,

187 1423 351 1473 argenti,
386 1423 508 1462 eboris
527 1424 699 1463 sacrandi
727 1425 866 1464 modus
894 1433 985 1465 esto.
1034 1427 1151 1465 Sacra
1168 1427 1318 1478 privata

186 1485 372 1528 perpetua
407 1486 601 1517 manento.
649 1478 824 1518 Deorum
857 1480 1043 1518 Manium
1069 1481 1160 1530 jura
1186 1489 1318 1521 sancta

187 1539 313 1570 sunto.
346 1530 474 1585 [Hos]
494 1533 571 1571 leto
590 1533 711 1580 datos,
732 1533 856 1574 Divos
871 1535 1064 1574 habento:
1086 1543 1262 1575 sumtum
1274 1537 1317 1575 in

188 1585 286 1624 onos
303 1586 532 1639 luctumque
550 1587 769 1627 minuunto.
775 1589 801 1606 '⁹

244 1639 298 1678 X.
329 1641 500 1679 Attaeus.
531 1642 723 1682 Conclusa
737 1643 896 1696 quidem
915 1651 972 1683 est
989 1657 1014 1683 a
1026 1651 1219 1696 temagna
1235 1645 1315 1695 lex,

189 1706 281 1732 sane
300 1708 419 1747 quam
448 1697 578 1735 brevi:
611 1705 662 1745 et,
682 1705 728 1736 ut
753 1698 851 1736 mihi
870 1699 1028 1750 quidem
1053 1699 1218 1747 videtur,
1238 1712 1317 1738 non

190 1749 363 1787 multum
382 1750 570 1803 discrepat
587 1751 660 1790 ista
678 1753 898 1792 constitutio
921 1753 1152 1805 religionum
1175 1767 1199 1792 a
1224 1755 1320 1806 legi-

189 1804 264 1842 bus
284 1804 443 1853 Numae‚
465 1805 678 1858 nostrisque
696 1807 881 1846 moribus.
922 1809 1107 1847 Marcus.
1141 1809 1210 1847 An
1230 1821 1318 1847 cen-

190 1870 264 1905 ses,
283 1871 374 1896 cum
388 1858 430 1897 in
448 1859 525 1899 illis
543 1860 591 1898 de
609 1861 805 1913 republica
820 1862 930 1901 libris
946 1862 1174 1914 persuadere
1191 1863 1320 1902 videa-

191 1918 255 1949 tur
283 1912 507 1961 Africanus,
539 1915 716 1955 omnium
746 1917 1119 1968 rerumpublicarum
1149 1926 1318 1957 nostram

191 1973 359 2005 veterem
378 1968 487 2006 illam
506 1968 625 2009 fuisse
642 1982 693 2022 op
694 1971 847 2020 timam,
877 1983 956 2010 non
979 1984 1130 2011 necesse
1147 1985 1227 2010 oese
1240 1986 1318 2025 op-

191 2019 299 2058 timae
320 2021 540 2073 reipublicae
566 1984 693 2076 legoep
687 2025 779 2064 dare
796 2026 1099 2065 consentaneas?
1140 2027 1314 2066 Atticus.

192 2073 325 2113 Immo
342 2089 497 2127 prorsus
515 2078 569 2116 ita
583 2091 728 2118 censeo.
773 2082 955 2118 Marcus.
995 2080 1103 2132 Ergo
1126 2081 1222 2119 adeo
1247 2095 1316 2120 ex-

183 2137 359 2179 spectate
375 2130 492 2182 leges,
514 2145 604 2184 quae
620 2146 742 2185 genus
759 2135 860 2173 iuud
876 2135 1071 2187 optimum
1098 2135 1316 2187 reipublioe

191 2182 434 2222 contineant:
466 2194 517 2233 et,
538 2187 569 2225 si
588 2201 676 2239 quae
694 2188 794 2228 forte
811 2203 835 2227 a
852 2202 917 2228 me
933 2190 1048 2228 hodie
1065 2192 1317 2242 rogabuntur,

190 2244 281 2288 quae
293 2249 372 2277 non
391 2238 468 2279 sint
484 2240 527 2280 in
548 2242 678 2282 nostra
693 2243 903 2296 republica,-
925 2257 997 2284 nec
1014 2244 1172 2294 fuerint,
1191 2251 1321 2285 tanim
