1470 2402
205 87 260 128 54
314 85 394 127 DE
415 85 835 138 DIVINATIONE,
858 85 959 127 Lm.
981 84 1043 127 11.
1064 84 1171 126 011».
1187 86 1228 124 -1,

210 202 312 242 trat3
342 194 450 234 docet
479 195 597 244 enim,
626 194 676 233 ad
699 196 810 235 beate
834 195 1057 243 vivendum,
1086 193 1269 234 virtutem
1296 205 1336 233 se

209 249 296 302 ipsa
321 263 398 288 esse
418 257 648 288 contentam
696 250 851 298 Quibus
869 252 982 289 rebus
1001 249 1125 297 editis,
1153 254 1229 286 trae
1245 248 1336 287 libri

211 303 368 356 perfecti
395 311 485 341 sunt
510 304 557 341 de
582 304 722 342 natura
747 304 947 350 Deorum;
977 304 1018 342 in
1044 303 1185 355 quibus
1209 302 1335 341 omnis

212 359 295 407 ejus
309 357 383 395 loci
398 357 556 408 quaestio
575 357 800 396 continetur.
845 357 947 405 Quae
965 366 1010 397 ut
1027 358 1139 409 plene
1157 363 1253 394 esset
1267 365 1339 394 cu-

212 412 434 463 mulateque
459 411 638 463 perfecta,
665 411 712 450 de
738 411 985 451 Divinatione
1013 410 1172 462 ingressi
1201 422 1336 448 sumus

213 465 273 504 his
291 465 398 503 libris
417 465 600 504 scribere:
633 466 772 516 quibus
792 469 853 509 (ut
871 474 927 504 est
945 466 985 504 111
1005 466 1150 512 31111110)
1170 463 1218 502 (18
1237 464 1335 503 Fato

213 519 246 558 si
275 519 580 568 adjunxerimus,
611 520 681 557 erit
709 520 861 558 abunde
887 520 1122 558 satisfactum
1149 518 1219 557 toti
1243 517 1335 557 huie

213 573 424 624 quaestioni.
454 573 589 624 Atque
603 573 662 611 his
675 574 782 612 libris
801 573 1080 613 annumerandi
1099 580 1189 611 sunt
1206 584 1272 610 sex
1287 571 1335 610 de

215 627 446 679 Republica,
477 640 572 678 quos
597 634 688 665 tunc
708 628 940 679 scripsimus,
970 641 1058 666 cum
1077 626 1336 678 gubernacula

211 681 431 732 reipublicae
456 682 691 720 tenebamus.
733 681 907 733 Magnus
925 682 1046 730 locus,
1066 680 1336 732 philosophiae-

212 748 288 786 que
316 734 506 786 proprius,
537 748 560 772 a
594 735 768 783 Platone,
799 736 1022 784 Aristotele,
1053 734 1334 785 Τ118οΡ1113510,

212 789 371 840 totaque
392 789 731 839 Peripateticorum
749 789 911 839 familia,
931 796 1114 827 tractatus
1131 787 1334 826 uberrime.

213 843 322 881 Nam
337 842 432 894 quid
447 855 516 894 ego
535 843 581 881 de
602 846 630 866 “
648 843 941 882 Consolatione''
962 843 1087 881 dicam
1100 844 1118 881 Ρ
1139 855 1226 893 quae
1238 842 1336 880 mihi

215 896 372 948 quidem
391 897 463 947 ipsi
483 909 571 935 sane
590 897 832 948 aliquantum
856 897 1055 936 medetur:
1086 896 1227 936 caeteris
1243 896 1337 934 item

213 951 384 988 multum
399 951 506 988 illam
520 951 761 1002 profuturam
776 959 882 1003 puto.
911 952 1138 1001 Interjectus
1151 958 1207 989 est
1221 950 1336 988 etiam

215 1016 338 1056 nuper
356 1005 481 1043 liber
471 1017 517 1052 15,
545 1018 660 1056 quem
687 1005 736 1043 ad
762 1013 935 1044 nostrum
960 1005 1138 1043 Atticum
1159 1006 1188 1026 “
1203 1003 1251 1043 de
1269 1004 1336 1043 Se-

214 1059 393 1097 nectute”
419 1058 606 1097 misimus.
649 1060 698 1097 In
716 1060 940 1111 primisque,
962 1059 1145 1111 quoniam
1169 1057 1336 1110 philoso-

215 1112 309 1164 phia
335 1112 392 1150 vir
416 1114 539 1151 bonus
558 1113 717 1152 efficitur
742 1122 779 1152 et
802 1114 925 1162 fortis,
953 1113 1049 1152 Cato
1067 1121 1191 1152 noster
1209 1112 1250 1150 in
1267 1112 1337 1151 ho-

214 1179 304 1204 rum
315 1166 501 1205 librorum
513 1180 673 1205 numero
687 1168 885 1219 ponendus
899 1176 965 1206 est.
996 1167 1175 1219 Cumque
1185 1166 1336 1205 Aristo-

219 1221 326 1268 teles,
354 1221 524 1272 itemque
556 1221 857 1286 Theophrastus,
890 1222 1112 1260 excellentes
1145 1220 1216 1259 viri
1246 1233 1336 1260 cum

215 1274 437 1323 subtilitate,
454 1283 538 1313 tum
552 1276 674 1326 copia,
695 1289 782 1314 cum
798 1275 1040 1327 philosophia
1057 1274 1207 1314 dicendi
1220 1274 1336 1313 etiam

214 1338 403 1389 praecepta
429 1330 720 1379 conjunxerint;
750 1330 868 1368 nostri
895 1343 1048 1381 quoque
1072 1328 1224 1368 oratorii
1246 1329 1335 1368 libri

216 1382 257 1420 in
287 1382 465 1421 eumdem
497 1396 704 1421 numerum
733 1383 919 1422 referendi
948 1383 1149 1422 videntur:
1179 1382 1234 1421 ita
1261 1391 1335 1422 tres

217 1444 329 1529 eruOnt
349 1440 377 1459 “
397 1437 445 1475 de
464 1437 666 1477 Oratore·'
639 1466 652 1484 ‚
671 1439 875 1490 'quartus,
898 1440 926 1460 “
940 1437 1128 1477 Brutus*
1100 1466 1112 1485 ‚
1131 1437 1334 1489 'quintus,

219 1492 248 1513 ‘⁶
306 1492 447 1529 rator.'’

272 1544 332 1582 ΙΙ.
361 1545 506 1584 Adhuc
524 1546 605 1585 haec
624 1554 741 1585 erant.
771 1546 840 1585 Ad
858 1547 1005 1599 reliqua
1022 1545 1137 1585 alacri
1154 1545 1335 1585 tendeba-

217 1610 305 1637 mus
335 1599 477 1648 animo,
507 1600 558 1639 518
583 1601 720 1652 parati,
750 1609 808 1648 ut,
838 1601 910 1639 nisi
934 1615 1022 1653 quae
1050 1613 1162 1639 causa
1186 1600 1334 1652 gravior

216 1652 434 1701 obstitisset,
463 1655 616 1692 nullum
645 1655 895 1707 philosophiae
921 1656 1050 1693 locum
1082 1668 1159 1694 esse
1189 1662 1335 1706 patere-

216 1719 320 1768 mur,
341 1708 408 1759 qui
422 1720 499 1746 non
514 1708 663 1747 Latinis
676 1709 794 1748 literis
807 1710 1018 1748 illustratus
1031 1716 1186 1760 pateret.
1216 1707 1335 1757 Quod

217 1761 321 1799 enim
345 1774 487 1800 munus
511 1763 728 1815 reipublicae
754 1763 886 1802 afferre
904 1765 1030 1813 majus
1048 1763 1231 1801 meliusve
1248 1775 1336 1814 pos-

218 1827 365 1863 sumus,
395 1830 512 1867 quam
536 1817 567 1855 51
592 1817 770 1856 dooemus
795 1826 911 1869 atque
936 1817 1131 1856 erudimus
1152 1818 1335 1878 juventu-

217 1875 320 1906 tem.
311 1871 328 1895 ‘³
357 1869 415 1908 his
433 1884 529 1921 praes
513 1871 641 1909 sertim
659 1872 830 1910 moribus
848 1880 963 1923 atque
981 1871 1228 1923 temporibus,
1248 1871 1335 1923 qui-

218 1923 291 1960 bus
309 1922 362 1959 ita
379 1925 554 1985 prolapsa
582 1934 651 1971 est,
682 1935 726 1964 ut
751 1926 925 1964 omnium
950 1926 1086 1977 opibus
1111 1924 1336 1964 refrenanda

219 1988 263 2014 ac
292 1976 492 2016 coercenda
521 1979 579 2017 sit.
621 1980 705 2018 Nec
731 1993 818 2018 vero
847 1980 888 2018 id
917 1979 1013 2018 effici
1037 1992 1146 2031 posse
1170 1978 1333 2026 confido,

219 2029 324 2081 quod
342 2042 389 2068 ne
407 2033 678 2082 postulandum
698 2034 855 2086 quidem
874 2042 943 2082 est,
974 2042 1018 2072 ut
1039 2046 1171 2072 omnes
1189 2033 1334 2071 adoles-

220 2091 344 2122 centes
369 2096 407 2121 se
425 2085 474 2123 ad
492 2086 572 2126 haec
590 2088 716 2126 studia
740 2095 970 2126 convertant.
1010 2087 1131 2126 Pauci
1154 2086 1332 2125 utinam!

220 2149 385 2188 quorum
410 2146 537 2178 tamen
565 2141 606 2178 in
636 2142 833 2194 republica
861 2143 938 2181 late
961 2150 1089 2194 patere
1113 2141 1251 2193 poterit
1275 2141 1335 2178 in-

220 2191 376 2231 dustria.
405 2192 598 2246 Equidem
617 2208 665 2236 ex
682 2196 742 2236 1115
760 2196 876 2237 etiam
893 2196 1063 2237 fructum
1078 2195 1185 2249 oepio
1198 2194 1336 2234 laboris
