1470 2402
214 122 291 161 148
400 121 479 162 DE
510 121 775 171 LEGIBUS,
797 121 897 159 11113.
915 121 950 159 Ι.
970 119 1078 160 CAP.
1095 121 1160 159 20.

209 230 367 270 miseros
387 243 466 270 esse
483 230 662 279 dicimus,
683 243 732 270 an
751 237 906 282 propter
930 229 1011 268 vim
1024 227 1337 292 turpitudinem-

210 298 287 337 que
311 285 525 325 vitiorum?
554 285 659 337 quod
686 286 779 324 item
806 284 855 324 ad
873 283 1101 323 contrariam
1118 282 1305 322 laudem
1293 294 1335 320 ιιι

209 339 351 379 virtuoe
365 339 440 379 diei
458 347 596 402 potest.

265 394 479 442 Postremo,
514 394 547 433 si
574 400 730 446 propter
762 393 856 432 alias
883 406 943 432 res
975 391 1096 431 virtus
1128 391 1336 444 expetitur,

209 448 349 487 melius
368 462 447 487 esse
465 448 625 500 aliquid,
648 461 766 500 quam
781 448 976 495 virtutem,
997 459 1146 485 necesse
1164 453 1232 484 oet.
1262 445 1338 484 Pe-

211 503 416 541 cuniamne
430 503 578 554 igitur?
600 515 649 541 an
660 503 856 540 honores?
877 515 924 540 an
940 501 1133 539 formam.
1123 503 1141 529 ⁹
1170 513 1220 538 an
1235 499 1338 538 vale-

210 556 418 596 tudinem?
448 571 536 608 quae
562 565 613 606 et,
643 569 732 595 cum
761 556 914 606 adsunt,
934 568 1121 617 perparva
1138 562 1253 599 sunt3
1283 560 1336 601 et,

209 622 330 662 quam
356 611 423 649 diu
443 611 612 649 affutura
631 611 721 659 sint,
737 618 884 649 certum
904 610 989 648 sciri
1007 609 1116 648 nullo
1133 609 1250 647 modo
1268 620 1339 660 po-

210 671 283 703 test
299 680 309 703 ε
341 678 389 704 an
411 665 532 717 (quod
551 665 819 717 turpissimum
845 664 950 703 dictu
970 671 1042 711 est)
1062 663 1336 725 voluptatem?

210 726 264 766 at,
284 719 325 757 in
346 733 391 758 ea
404 719 560 772 quidem
577 719 790 772 spernenda
809 726 847 757 et
864 717 1115 771 repudianda,
1136 718 1257 756 virtus
1275 716 1339 755 vel

210 774 382 812 maxime
413 774 590 812 cernitur.
640 773 854 822 Videtisne,
893 779 1038 825 quanta
1067 771 1179 810 series
1207 783 1337 810 rerum

211 828 563 880 sententiarumque
579 828 654 867 sit.
676 835 793 890 atque
806 834 852 865 ut
863 840 911 866 ex
926 827 1001 865 ah'o
1016 826 1091 864 alia
1104 827 1338 865 nectantur?

209 881 318 930 Quin
337 883 494 920 labebar
511 883 679 935 longius,
700 882 774 920 nisi
792 894 855 920 me
873 881 1126 920 retinuissem.

265 936 362 974 XX.
398 937 579 982 Quintus.
611 937 703 985 Quo
722 936 878 974 tandem
895 938 913 975 ἲ
941 935 1104 974 libenter
1122 935 1240 983 enim,
1260 932 1339 972 fra-

209 997 281 1037 ter,
303 991 352 1029 ad
371 991 485 1029 istam
503 991 714 1030 orationem
733 999 861 1029 tecum
880 991 1109 1042 prolaberer.
1152 991 1337 1028 Marcus.

209 1045 279 1083 Ad
292 1045 409 1083 finem
417 1046 622 1093 bonorum,
633 1058 711 1097 quo
719 1045 950 1093 referuntur,
961 1051 998 1082 et
1006 1045 1066 1094 cuj
1071 1057 1116 1082 us
1127 1043 1339 1095 adipiscen-

209 1099 250 1137 di
269 1100 383 1138 causa
402 1107 492 1137 sunt
509 1099 684 1138 facienda
702 1099 834 1137 omnia
849 1113 860 1136 z
891 1106 1170 1137 controversam
1186 1110 1284 1145 rem,
1300 1105 1340 1136 et

208 1153 365 1205 plenam
384 1153 626 1192 dissensionis
650 1154 750 1192 inter
768 1153 1019 1199 doctissimos,
1045 1152 1110 1190 sed
1128 1151 1339 1203 aliquando

208 1214 339 1245 tamen
355 1208 617 1257 judicandam.
661 1209 833 1246 Atticus.
877 1206 960 1255 Qui
979 1206 1078 1244 istuc
1096 1206 1178 1244 fieri
1196 1213 1336 1258 potest,

209 1260 260 1299 L.
296 1261 422 1300 Gellio
452 1270 606 1300 mortuo
623 1263 641 1300 ,⁹
685 1263 867 1300 Marcus.
912 1260 1022 1309 Quid
1051 1260 1207 1298 tandem
1227 1260 1268 1298 id
1287 1259 1337 1298 ad

208 1328 291 1353 rem
308 1317 326 1354 Ρ
356 1317 527 1354 Atticus.
558 1316 665 1364 Quia
682 1329 746 1354 me
764 1315 932 1354 Athenis
952 1314 1084 1353 audire
1106 1327 1154 1353 ex
1170 1313 1337 1354 Phaedro

207 1381 296 1408 meo
320 1370 496 1419 memini,
527 1371 714 1418 Gellium,
739 1370 969 1408 familiarem
998 1377 1127 1417 tuum,
1151 1381 1241 1407 cum
1265 1382 1337 1420 pro

209 1424 364 1462 consule
391 1438 438 1463 ex
466 1425 633 1476 praetura
665 1425 705 1462 in
740 1424 929 1463 Graeciam
960 1423 1137 1471 venisset,
1168 1423 1338 1462 Athenis

207 1478 469 1530 philosophos,
490 1479 558 1530 qui
585 1487 671 1516 tum
692 1486 812 1526 erant,
833 1478 874 1516 in
893 1478 1021 1516 locum
1046 1489 1172 1515 unum
1197 1489 1339 1516 convo-

208 1532 326 1579 casse,
356 1533 524 1585 ipsisque
551 1545 784 1584 magnopere
809 1539 1003 1570 auctorem
1031 1531 1163 1580 fuisse,
1193 1539 1238 1569 ut
1265 1531 1338 1570 ali-

208 1586 364 1638 quando
389 1587 731 1626 controversiarum
757 1586 927 1638 aliquem
953 1586 1120 1625 facerent
1142 1585 1305 1624 modum
1321 1600 1333 1624 z

207 1641 313 1693 quod
332 1641 363 1680 si
381 1649 505 1680 essent
524 1655 568 1680 eo
591 1641 736 1689 animo,
750 1648 794 1679 ut
812 1641 959 1679 nollent
978 1647 1130 1679 aetatem
1143 1640 1185 1678 in
1203 1640 1337 1678 litibus

207 1703 411 1743 conterere,
440 1708 549 1747 posse
580 1709 664 1733 rem
694 1695 922 1734 conveniret
965 1702 1002 1733 et
1031 1695 1149 1734 simul
1178 1707 1334 1745 operam

207 1762 318 1788 suam
340 1749 418 1788 illis
439 1762 518 1788 osse
542 1749 773 1801 pollicitum,
794 1750 826 1788 si
850 1756 976 1801 posset
989 1749 1088 1787 inter
1106 1762 1169 1787 eos
1187 1747 1335 1800 aliquid

206 1804 418 1842 convenire.
459 1805 642 1842 Marcus.
684 1803 867 1842 ,Ioculare
888 1804 986 1842 istuc
1013 1803 1186 1855 quidem,
1215 1803 1335 1841 Pom-

205 1858 312 1909 poni,
334 1865 371 1896 et
389 1871 413 1896 a
438 1858 572 1896 multis
592 1871 691 1910 saepe
717 1857 898 1896 derisum.
928 1857 1006 1896 Sed
1023 1870 1093 1908 ego
1111 1857 1226 1909 plane
1253 1857 1334 1895 vel-

205 1911 284 1949 lem
316 1924 380 1950 me
409 1912 613 1961 arbitrum,
647 1913 746 1950 inter
778 1912 980 1963 antiquam
1006 1911 1261 1950 Academiam
1295 1918 1334 1949 et

206 1965 417 2014 Zenonem,
432 1967 578 2004 datum.
600 1967 771 2004 Atticus.
801 1966 893 2014 Quo
908 1966 1085 2004 tandem
1074 1973 1172 2004 lstuc
1183 1964 1299 2003 modo
1313 1966 1332 2002 9

205 2020 389 2059 Marcus.
419 2021 525 2069 Quia
543 2021 591 2059 de
609 2033 649 2059 re
669 2021 746 2059 una
773 2021 899 2059 solum
918 2020 1126 2065 dissident,
1156 2019 1204 2058 de
1222 2027 1334 2058 caete

204 2072 256 2112 ris
269 2074 428 2113 mirifice
442 2082 681 2126 congruunt.
700 2075 872 2113 Atticus.
900 2074 969 2113 Ai'
973 2075 1014 2112 n'
1029 2048 1207 2112 tand'em.
1198 2076 1216 2101 9
1235 2085 1333 2111 una-

203 2138 254 2165 ne
281 2135 338 2166 est
364 2129 490 2167 solum
517 2129 731 2168 dissensio?
761 2130 944 2167 Marcus.
973 2128 1076 2177 Quae
1101 2127 1259 2180 quidem
1282 2127 1334 2166 ad

204 2193 286 2220 rem
322 2182 522 2233 pertineat,
554 2195 660 2221 una:
705 2183 850 2236 quippe
879 2196 969 2222 cum
999 2182 1149 2234 antiqui
1181 2194 1329 2244 omnes,

204 2235 309 2287 quod
319 2235 530 2276 secundum
548 2243 726 2276 naturam
745 2244 855 2285 esset,
871 2249 951 2289 quo
965 2237 1191 2287 juvaremur
1208 2236 1249 2274 in
1271 2235 1331 2282 wi-
