1470 2402
194 93 274 130 450
543 89 955 130 PHAENOMENA.

192 200 327 252 Atque
341 212 464 252 usque
482 213 505 238 a
521 199 637 251 prora
655 198 704 237 ad
723 199 867 237 celsum
886 198 966 236 sine
984 197 1132 238 lumine
1151 198 1316 247 malum,

195 255 233 292 A
252 255 356 293 malo
375 255 423 293 ad
437 254 601 306 puppim
618 254 720 291 clara
739 266 828 291 cum
845 253 931 290 luce
949 252 1110 291 videtur.
1240 253 1314 292 136

193 307 292 347 Inde
311 309 603 360 gubernaclum,
624 307 793 359 disperso
810 306 959 347 lumine
976 306 1143 359 fulgens,

196 363 302 401 Clari
320 363 526 415 posteriora
545 362 661 400 Canis
681 361 840 412 vestigia
858 360 995 401 condit.

196 417 302 455 Exin
323 424 509 455 semotam
528 416 676 468 procul,
692 415 732 453 in
751 423 912 466 tutoque
929 415 1108 462 locatam,

197 471 488 509 Andromedam
507 479 637 508 tamen
657 469 859 520 explorans
878 469 957 507 fera
975 482 1143 520 quaerere
1157 468 1302 509 Pistrix

196 525 344 576 Pergit,
359 532 396 563 et
414 538 536 576 usque
556 525 668 562 sitam
679 523 823 561 validas
839 522 1044 574 Aquilonis
1057 523 1107 561 ad
1117 537 1228 563 auras
1242 524 1316 563 141

196 579 350 617 Coerula
370 579 530 630 vestigat
548 578 657 616 finita
675 577 716 615 in
734 578 908 629 partibus
928 577 1074 616 Austri.

196 634 313 672 Hanc
331 633 446 671 Aries
466 633 572 684 tegit,
594 640 631 670 et
650 644 853 683 squamoso
876 644 1030 683 corpore
1050 631 1191 681 Pisces,

196 688 390 726 Fluminis
408 687 566 725 illustris
586 694 806 737 tangentem
825 698 978 737 corpore
996 685 1111 737 ripas.

196 743 381 794 Namque
401 741 516 779 etiam
535 740 753 779 Eridanum
772 753 900 778 cernes
916 740 958 778 in
975 747 1083 791 parte
1099 741 1269 780 locatum

197 796 308 844 Coeli,
330 796 525 834 funestum
545 795 695 846 magnis
713 807 802 833 cum
822 794 966 833 viribus
985 806 1155 843 amnem,
1242 796 1317 835 146

197 851 329 898 Quem
347 850 526 901 lacrymis
545 856 688 887 moestae
707 848 959 887 Pha'e'thontis
977 862 1078 900 saepe
1095 862 1240 889 sorores

197 906 441 956 sparserunt,
461 905 583 942 letum
602 902 776 941 moerenti
795 916 884 941 voce
903 910 1091 942 canentes.

199 959 320 997 Hunc
335 958 490 998 Orionis
510 960 582 997 sub
599 958 697 996 laeva
716 970 867 996 cernere
885 957 1019 1009 planta

198 1014 421 1065 Serpentem
441 1012 581 1064 poteris
597 1026 609 1058 3
639 1024 870 1064 proceraque
889 1011 1013 1050 vincla
1030 1011 1191 1061 videbis,
1241 1013 1318 1054 150

198 1067 300 1114 Quae
318 1067 481 1105 retinent
502 1067 642 1115 Pisces,
662 1066 872 1104 caudarum
890 1073 998 1117 parte
1015 1066 1152 1116 locata,

197 1121 381 1160 Flumine
398 1121 523 1159 mixta
541 1128 639 1159 retro
658 1120 708 1158 ad
729 1120 900 1160 Pistricis
918 1127 1024 1172 terga
1041 1121 1191 1161 reverti.

197 1175 239 1219 H
246 1178 279 1214 ic
297 1176 375 1213 una
396 1175 505 1214 stella
523 1182 741 1223 nectuntur,
762 1187 881 1226 quam
896 1174 990 1224 jacit
1007 1188 1055 1214 ex
1074 1188 1115 1215 se

197 1230 367 1271 Pistricis
385 1230 495 1281 spina
514 1229 639 1268 valida
658 1242 747 1267 cum
766 1229 852 1267 luce
869 1229 1076 1280 refulgens.

194 1284 350 1322 Exinde
370 1284 518 1334 exiguae
537 1283 644 1321 tenui
663 1296 752 1322 cum
770 1282 919 1322 lumine
938 1284 1087 1333 multae,
1238 1287 1315 1326 155

195 1337 302 1377 Inter
323 1338 522 1377 Pistricem
541 1337 636 1375 fusae
655 1350 884 1389 sparsaeque,
904 1336 1093 1376 videntur.

192 1393 300 1431 Ante
318 1392 610 1444 gubernaclum,
631 1392 763 1439 stellae,
784 1404 879 1443 quas
898 1392 1063 1443 contegit
1081 1393 1206 1434 omnis

194 1446 423 1485 Formidans
441 1459 565 1485 acrem
579 1459 750 1484 morsum
767 1445 923 1497 Lepus:
944 1446 1004 1484 his
1018 1459 1143 1499 neque
1157 1461 1313 1501 nomen,

193 1501 279 1545 Nec
297 1501 463 1539 formam
483 1508 625 1539 veteres
644 1508 786 1538 certam
806 1499 980 1539 statuisse
998 1500 1188 1542 videntur.

192 1555 315 1601 Nam,
336 1569 423 1607 quae
442 1554 627 1593 sideribus
647 1554 756 1592 claris
774 1564 912 1592 natura
928 1554 1078 1606 polivit,
1238 1559 1315 1598 160

191 1609 246 1648 Et
264 1609 368 1648 vario
386 1609 513 1661 pinxit
531 1609 769 1659 distinguens
786 1608 934 1647 lumine
953 1609 1110 1660 formas,

192 1664 233 1702 H
238 1677 290 1702 aec
304 1664 369 1702 ille
388 1672 575 1702 astrorum
595 1671 722 1701 custos
740 1662 886 1701 ratione
903 1663 1064 1712 notavit,

191 1718 388 1770 Signaque
406 1718 570 1769 signavit
588 1717 752 1755 coelestia
770 1716 925 1756 nomine
939 1731 1028 1756 vero
1041 1733 1053 1757 z

190 1772 276 1810 Has
295 1780 439 1820 autem,
456 1785 543 1823 quae
562 1779 652 1810 sunt
669 1784 787 1824 parvo
807 1784 896 1810 cum
914 1772 1062 1811 lumine
1078 1772 1190 1824 fusae,

190 1826 391 1864 Consimili
411 1825 532 1878 specie
550 1826 691 1873 stellas,
711 1825 899 1878 parilique
916 1826 1051 1878 nitore,
1235 1830 1313 1871 165

189 1881 283 1918 Non
302 1879 428 1931 potuit
446 1881 555 1918 nobis
574 1880 665 1919 nota
684 1880 825 1918 clarare
844 1879 981 1931 figura.

187 1934 359 1981 Exinde,
380 1935 604 1973 Australem
623 1934 724 1973 soliti
743 1948 859 1986 quem
879 1934 1002 1974 dicere
1021 1935 1186 1985 Piscem,

186 1989 369 2034 Volvitur
386 1988 541 2028 inferior
559 1989 793 2041 Capricorno
812 2001 941 2027 versus
955 1989 1004 2028 ad
1023 1990 1230 2040 Austrum,

187 2043 389 2082 Pistricem
403 2044 620 2091 observans,
639 2043 773 2094 procul
790 2042 866 2081 illis
886 2043 1061 2082 Piscibus
1077 2044 1238 2085 haerens.

187 2097 247 2135 At
264 2110 383 2148 prope
402 2097 607 2149 conspicies
626 2105 798 2149 expertes
816 2097 983 2135 nominis
1001 2110 1134 2138 omnes
1233 2101 1309 2147 170

188 2151 296 2189 Inter
316 2151 516 2190 Pistricem
536 2160 574 2189 et
593 2151 744 2190 Piscem
763 2164 880 2204 quem
905 2151 1077 2192 diximus
1094 2153 1248 2205 Austri,

187 2205 326 2244 Stellas
346 2207 416 2245 sub
436 2205 597 2258 pedibus
617 2212 753 2245 stratas
772 2205 952 2246 radiantis
970 2206 1138 2261 Aquari.
