1470 2402
286 137 363 178 DE
393 135 655 187 OFFICIIS,
686 136 869 176 L113.11.
902 135 1008 176 CAP.
1030 138 1068 174 5.
1163 135 1240 174 261

116 258 220 297 pore,
251 245 332 286 sine
354 247 558 286 hominum
583 260 714 300 opera,
745 253 813 285 aut
837 258 989 299 pascere
1007 258 1070 284 eas
1089 249 1157 283 aut
1175 243 1245 282 do-

117 311 237 349 mare,
267 308 335 340 aut
358 302 471 350 tueri,
499 309 566 340 aut
590 301 834 353 tempestivos
857 300 1006 339 fructus
1031 312 1079 338 ex
1104 299 1164 337 his
1183 311 1246 337 ca-

117 366 220 405 pere,
251 368 472 406 possemus.
502 357 552 394 ab
578 355 797 417 eisdemque
821 362 859 393 et
883 367 951 403 eae,
979 367 1067 406 quae
1091 358 1244 414 nocent,

116 408 422 457 interficiuntur;
452 417 504 457 et,
524 422 612 462 quae
630 409 718 448 usui
736 415 896 461 possunt
914 420 1007 457 esse,
1028 407 1244 469 capiuntur.

173 461 283 510 Quid
301 476 521 502 enumerem
536 463 678 502 artium
692 462 998 509 multitudinem,
1013 462 1093 500 sine
1106 461 1247 513 quibus

117 514 197 553 vita
215 517 372 556 omnino
391 518 500 556 nulla
519 531 597 556 esse
622 517 836 570 potuisset?
878 516 978 565 Quis
1004 516 1108 554 enim
1135 514 1246 566 aegris

117 571 369 611 subveniret?
409 585 496 624 quae
529 579 624 611 esset
657 571 859 610 oblectatio
889 570 1135 609 valentium?
1177 568 1246 621 qui

117 623 253 673 victus,
274 633 342 664 aut
360 627 517 665 cultus?
547 626 621 664 nisi
648 633 728 664 tam
753 626 888 663 multae
913 625 1023 663 nobis
1050 631 1148 662 artes
1170 623 1246 661 mi-

118 677 343 718 nistrarent:
368 680 510 742 quibus
529 682 642 719 rebus
661 680 826 727 exculta,
847 679 1050 718 hominum
1067 678 1146 716 vita
1160 685 1246 716 tan-

116 737 202 770 tum
227 733 344 773 distat
369 748 392 772 a
417 734 520 773 victu
547 742 584 773 et
608 735 714 773 cultu
732 734 954 772 bestiarum.
994 733 1121 771 Urbes
1140 745 1244 780 vero,

116 785 198 825 sine
226 788 432 826 hominum
465 795 577 837 coetu,
607 801 685 827 non
718 788 930 840 potuissent
963 799 1034 826 nec
1068 786 1248 825 aedificari

118 852 188 879 nec
206 840 465 894 frequentari:
497 856 545 881 ex
564 857 642 894 quo
660 843 777 894 leges,
797 855 998 893 moresque
1023 840 1245 880 constituti·
1232 869 1246 886 ,

117 900 204 933 tum
228 896 326 946 juris
355 910 466 948 aequa
492 896 708 949 descriptiO,
743 905 920 958 certaque
950 895 1102 934 vivendi
1135 894 1248 933 disci-

116 949 248 999 plina.
275 963 371 1002 quas
389 964 448 989 res
467 957 504 989 et
521 951 777 990 mansuetudo
796 951 1016 989 animorum
1031 956 1246 998 consecuta,

116 1010 155 1040 et
172 1005 400 1043 verecundia
419 1012 499 1052 est3
529 1005 797 1057 effectumque,
824 1012 869 1044 ut
894 1011 989 1043 esset
1014 1004 1093 1042 vita
1115 1003 1247 1041 muni-

118 1056 219 1101 tior:‚
260 1066 377 1110 atque
403 1066 462 1108 ut,
491 1059 619 1098 dando
647 1067 684 1098 et
711 1059 943 1111 accipiendo,
972 1057 1248 1110 mutandisque

116 1087 365 1152 facultatibus
384 1120 421 1152 et
440 1113 665 1163 commodis,
686 1114 796 1152 nulla
814 1127 854 1152 re
875 1125 1083 1165 egeremus.

171 1165 223 1204 V.
253 1167 466 1219 Longiores
490 1168 563 1206 hoc
588 1169 672 1207 loco
698 1181 846 1229 sumus,
867 1181 987 1229 quam
1009 1179 1159 1206 necesse
1178 1172 1246 1205 est.

117 1218 218 1268 Quis
242 1228 298 1259 est
322 1221 441 1270 enim,
463 1221 526 1261 cui
543 1235 621 1260 non
640 1222 840 1274 perspicua
858 1222 934 1260 sint
951 1222 1032 1270 illa,
1053 1235 1140 1273 quae
1158 1221 1249 1273 plu-

113 1274 221 1313 ribus
248 1276 373 1314 verbis
404 1289 428 1314 a
455 1276 628 1315 Panaetio
656 1283 1020 1338 commemorantur,
1049 1275 1246 1314 neminem

114 1339 241 1380 neque
273 1330 411 1368 ducem
440 1328 566 1380 [belli,
573 1332 588 1383 ]
616 1344 686 1369 nec
713 1331 926 1382 principem
946 1329 1065 1378 domi,
1085 1342 1247 1381 magnas

114 1394 175 1421 res
205 1391 242 1422 et
273 1385 468 1433 salutares,
499 1385 579 1423 sine
605 1385 811 1423 hominum
839 1384 988 1431 studiis,
1018 1397 1147 1435 gerere
1174 1397 1244 1436 po

114 1437 258 1476 tuisse?
273 1438 636 1477 Commemorantur
647 1441 695 1478 ab
708 1453 752 1478 eo
759 1439 1052 1487 Themistocles,
1064 1438 1244 1486 Ρο110105,

117 1490 257 1542 Cyrus,
279 1492 502 1545 Agesilaus,
528 1493 769 1542 Alexander,
791 1506 886 1545 quos
912 1501 1042 1544 negat,
1070 1492 1151 1531 sine
1175 1492 1246 1530 ad-

111 1545 298 1594 jumentis
317 1547 537 1594 hominum,
558 1554 684 1586 tantas
703 1561 762 1586 res
781 1548 926 1586 efficere
944 1547 1125 1598 potuisse.
1155 1547 1246 1586 Uti-

115 1606 193 1647 tur,
213 1600 255 1637 in
273 1613 313 1638 re
332 1613 410 1639 non
430 1601 563 1650 dubia,
584 1602 744 1640 testibus
763 1615 840 1640 non
859 1601 1088 1640 necessariis.

170 1653 321 1705 Atque,
341 1662 387 1692 ut
404 1668 565 1707 magnas
583 1656 766 1694 utilitates
786 1655 1035 1717 adipiscimur
1049 1654 1244 1706 conspira-

114 1706 218 1746 tione
236 1708 442 1747 hominum
462 1718 578 1762 atque
596 1722 796 1757 consensu,
818 1710 870 1747 sic
888 1709 998 1747 nulla
1020 1716 1100 1747 tam
1120 1709 1245 1747 detes-

115 1762 243 1800 tabilis
262 1763 378 1813 pestis
398 1770 467 1811 est,
489 1778 576 1815 quae
594 1777 672 1802 non
689 1763 840 1802 homini
859 1765 907 1801 ab
929 1763 1086 1801 homine
1112 1775 1244 1802 nasca-

115 1822 191 1853 tur.
231 1816 306 1854 Est
330 1816 547 1856 Dicaearchi
569 1818 667 1856 liber
686 1817 733 1855 de
751 1817 908 1856 interitu
927 1817 1146 1864 hominum,
1168 1818 1246 1856 Pe-

114 1869 303 1921 ripatetici
335 1871 469 1922 magni
502 1878 539 1910 et
574 1871 743 1924 copiosi·
732 1900 744 1917 ‚
785 1872 867 1924 qui,
903 1871 1068 1914 collectis
1101 1872 1244 1911 caeteris

115 1924 252 1973 causis,
285 1925 484 1974 eluvionis,
518 1926 759 1978 pestilentiae,
790 1925 990 1972 vastitatis,
1023 1926 1242 1964 belluarum

115 1978 232 2016 etiam
250 1980 460 2030 repentinae
477 1980 737 2018 multitudinis
758 1983 941 2031 (quarum
968 1980 1117 2031 impetu
1131 1980 1242 2019 docet

115 2033 295 2084 quaedam
327 2033 532 2072 hominum
563 2047 702 2086 genera
734 2047 813 2073 esse
850 2041 1082 2081 consumta),
1103 2034 1241 2073 deinde

113 2095 323 2138 comparat,
345 2095 490 2140 quanto
514 2089 644 2140 plures
669 2088 784 2127 deleti
811 2088 888 2127 sint
913 2088 1088 2127 homines
1114 2088 1243 2127 homi-

111 2152 209 2178 num
236 2141 400 2193 impetu,
428 2142 470 2180 id
497 2150 567 2190 est,
595 2143 706 2182 bellis
733 2149 801 2182 aut
827 2143 1092 2192 seditionibus,
1120 2155 1241 2199 quam

109 2194 218 2234 omni
235 2196 386 2249 reliqua
404 2197 633 2238 calamitate.
873 2223 878 2225 -
1244 2224 1247 2225 ν
