1470 2402
153 79 232 117 116
470 77 550 118 DE
578 77 753 126 FATO,
783 77 889 118 CAP.
910 80 948 119 9.

142 193 199 225 est
211 186 299 238 quis
313 186 457 225 oriente
471 186 673 234 Canile
694 194 732 226 et
748 187 781 226 is
793 187 835 225 in
850 187 948 226 mari
962 187 1189 226 morietur-’⁹
1228 188 1268 228 Ο

142 240 338 279 licentiam
352 241 589 290 jocularem!
621 254 671 280 ne
695 242 776 293 ipse
799 242 943 280 incidat
968 241 1008 280 in
1034 241 1268 290 Diodorum,

142 294 252 333 docet
284 295 500 341 Chaldaeos,
529 309 608 347 quo
639 304 751 348 pacto
783 309 846 335 eos
873 309 1062 348 exponere
1091 304 1269 349 percepta

140 357 324 400 oporteat.
354 350 499 398 Quaero
518 350 637 397 enim,
658 350 689 389 si
708 350 882 389 Chaldaei
900 351 955 388 ita
971 351 1195 402 loquantur,
1224 359 1269 389 ut

141 404 361 454 negationes
385 404 622 442 infinitarum
644 405 959 454 conjunctionum
978 405 1120 456 potius,
1147 418 1266 457 quarn

140 457 292 496 infinita
309 471 495 505 connexa,
515 469 686 510 ponant3
709 473 778 498 cur
796 459 898 497 idem
917 459 1071 505 medici,
1093 472 1161 497 cur
1178 472 1268 510 geo-

140 519 286 560 metrae,
316 526 383 551 cur
401 513 553 564 reliqui,
583 513 705 551 facere
724 526 802 552 non
820 513 998 565 possint?
1028 513 1208 552 Medicus
1226 513 1266 551 in

138 566 288 617 primis,
310 567 414 618 quod
434 568 503 605 erit
523 567 556 605 ei
574 575 816 619 perspectum
835 568 875 605 in
894 575 988 616 arte,
1009 580 1087 606 non
1106 568 1161 606 ita
1178 581 1266 620 pro-

139 629 280 671 ponet:
313 625 342 644 “
364 621 406 660 Si
438 621 501 660 cui
533 634 639 660 venae
671 622 724 660 sic
755 630 972 669 moventur,
1002 621 1034 660 is
1066 621 1183 660 habet
1209 622 1265 660 fe-

140 676 249 713 brem
263 676 306 721 ;'’
335 675 401 714 sed
429 676 557 727 potius
586 676 654 714 illo
683 676 814 724 modo,
846 677 984 714 “Non
1015 676 1049 714 ei
1079 689 1186 714 venae
1213 677 1266 715 sic

139 737 355 778 moventur,
386 738 423 768 et
447 730 593 768 febrem
612 730 644 768 is
663 742 739 768 non
765 730 922 769 habet.”
971 731 1150 782 Itemque
1174 744 1264 781 goo-

138 790 276 822 metrffi
302 797 379 822 non
405 784 458 823 ita
483 784 595 833 dicet,
628 788 656 807 ‘⁶
677 785 719 823 Si
745 784 785 822 in
810 784 960 836 sphaerss
985 784 1149 823 maximi
1174 793 1263 823 sunt

136 839 260 885 orbes,
290 839 408 876 medii
438 839 536 877 inter
567 852 606 877 se
638 839 863 877 dividuntur
875 840 918 885 ;''
948 839 1014 878 sed
1041 839 1169 891 potius
1196 839 1265 878 illo

137 892 268 939 modo,
299 896 328 915 ‘⁸
351 894 443 931 Non
470 902 508 931 et
532 893 679 932 suntin
700 893 849 944 sphaera
873 893 1037 932 maximi
1061 895 1196 939 orbes;
1226 901 1264 932 et

137 946 178 984 hi
203 959 281 985 non
307 947 426 986 medii
443 947 542 986 inter
560 961 599 986 se
617 947 885 987 dividuntur.”
924 948 1034 996 Quid
1060 955 1130 994 est,
1157 948 1262 1000 quod

137 1013 215 1039 non
240 1002 358 1052 possit
382 1002 455 1041 isto
479 1002 594 1040 modo
617 1016 665 1040 ex
685 1015 856 1042 connexo
879 1002 1074 1040 transferri
1097 1002 1146 1040 ad
1172 1015 1262 1041 con-

132 1056 380 1104 junctionum
417 1057 691 1107 negationem?
739 1057 795 1095 Et
830 1057 987 1108 quidem
1020 1056 1104 1094 aliis
1135 1057 1260 1095 modis

135 1109 288 1148 casdem
318 1123 377 1148 res
407 1110 538 1148 efferre
562 1124 778 1162 possumus.
826 1111 950 1149 Modo
975 1111 1071 1156 dixi,
1103 1114 1131 1133 “
1152 1111 1194 1150 Si
1219 1111 1259 1149 in

134 1163 284 1215 sphaerzi
302 1165 466 1202 maximi
484 1174 574 1203 sunt
593 1167 716 1211 orbes,
746 1165 863 1203 medii
889 1166 987 1204 int-er
1014 1179 1053 1204 sc
1078 1164 1252 1203 dividun-

134 1226 196 1256 tur
210 1219 250 1256 :''
280 1231 436 1269 possum
456 1219 593 1267 dicere,
625 1224 653 1242 ‘⁶
669 1220 710 1257 Si
730 1220 769 1257 in
789 1219 939 1270 sphaerii
962 1219 1126 1257 maximi
1150 1221 1259 1258 orbes

132 1273 300 1318 erunt;''
330 1287 486 1324 possum
506 1273 643 1319 dicere,
675 1279 703 1296 “
724 1274 831 1321 Quia
859 1274 900 1311 in
930 1272 1078 1325 sphaerai
1095 1274 1259 1312 maximi

131 1328 242 1365 orbes
269 1329 422 1366 erunt-'³
464 1328 597 1366 Multa
628 1341 767 1379 genera
798 1337 889 1366 sunt
921 1328 1160 1375 enuntiandi,
1190 1341 1259 1368 nec

132 1380 258 1418 ullum
278 1381 487 1429 distortius,
518 1395 636 1434 quam
655 1383 740 1431 hoc,
770 1396 848 1434 quo
867 1382 1108 1434 Chrysippus
1133 1391 1258 1434 sperat

132 1435 335 1474 Chaldaeos
360 1445 556 1475 contentos
583 1438 800 1476 Stoicorum
818 1437 933 1475 caus&
951 1436 1043 1475 fore.
1092 1437 1256 1476 Illorum

131 1497 260 1528 tamen
280 1502 394 1528 nemo
411 1491 466 1528 ita
483 1491 678 1542 loquitur:
709 1493 836 1541 majus
862 1499 918 1530 est
943 1491 1046 1530 enim
1072 1491 1142 1530 has
1166 1504 1256 1530 con·

131 1543 310 1583 tortiones
335 1545 530 1593 orationis,
559 1559 678 1597 quam
697 1547 895 1598 signorum
913 1553 1019 1584 ortus
1037 1545 1254 1598 obitusque,

131 1598 353 1650 perdiscere.

185 1653 262 1691 IX.
292 1653 368 1692 Sed
399 1653 449 1692 ad
481 1654 590 1692 illam
619 1654 782 1693 Diodori
807 1654 1103 1701 contentionem,
1133 1667 1252 1706 quam

129 1722 210 1756 περι
243 1706 636 1760 δυνατμμλρρεῌεῃῐ,
667 1718 926 1755 revertamur;
963 1709 1005 1746 in
1035 1709 1128 1760 quin„
1158 1700 1260 1760 quid·

129 1760 251 1799 valeat
269 1760 324 1809 id,
332 1760 341 1789 ='
372 1762 450 1800 uod
468 1763 549 1801 fieri
566 1763 698 1815 possit,
719 1763 946 1815 anquiritur.
988 1763 1120 1802 Placet
1138 1764 1256 1815 igitur

128 1813 315 1863 Diodoro,
344 1775 385 1854 iil
404 1817 530 1855 solum
556 1815 638 1856 ficri
662 1831 785 1869 posse,
814 1818 919 1870 quod
943 1825 1010 1856 aut
1035 1831 1167 1856 verum
1187 1818 1251 1864 sit,

128 1876 197 1906 aut
230 1883 364 1908 verum
396 1870 574 1909 futurum
608 1871 668 1909 sit.
715 1872 798 1920 Qui
829 1873 935 1911 locus
967 1871 1122 1923 attingit
1152 1871 1252 1910 hanc

128 1924 394 1973 quaestionem,
416 1925 529 1963 Nihil
547 1926 643 1973 fieri,
663 1926 768 1978 quod
786 1939 863 1964 non
877 1939 1025 1964 necesse
1038 1925 1177 1970 fuerit;
1199 1934 1250 1971 et,

128 1977 334 2028 Quidquid
359 1979 440 2017 fieri
466 1980 597 2030 possit,
627 1980 666 2018 id
684 1989 752 2018 aut
770 1993 849 2019 esse
863 1982 961 2030 jam,
989 1988 1056 2018 aut
1073 1980 1251 2018 futurum

127 2043 230 2068 esse:
252 2043 322 2070 nec
335 2034 458 2085 magis
477 2035 706 2073 commutari
724 2048 771 2074 ex
791 2035 887 2073 veris
904 2035 944 2072 in
958 2035 1055 2073 falsa
1069 2047 1114 2072 ea
1126 2048 1249 2086 posse,

126 2098 215 2135 quae
238 2085 370 2124 futura
395 2096 498 2134 sunt,
525 2102 644 2140 quam
664 2102 722 2135 ea,
748 2103 836 2140 quae
860 2089 960 2128 facta
978 2096 1092 2127 sunt:
1123 2089 1188 2127 sed
1207 2089 1246 2127 in

125 2138 234 2178 factis
258 2139 613 2181 immutabilitatem
632 2157 840 2196 apparere;
870 2144 910 2182 in
930 2143 1070 2182 futuris
1088 2143 1248 2195 quibus-

126 2192 233 2244 dam,
263 2194 356 2247 quia
384 2208 462 2236 non
489 2206 661 2250 apparet,
689 2210 739 2238 ne
764 2198 888 2238 inesse
911 2197 1071 2251 quidem
1101 2197 1247 2243 videri3
