1470 2402
345 71 424 117 DE
448 73 717 127 omens,
747 77 848 116 Lm.
871 78 954 117 111.
983 77 1092 118 cAp.
1113 78 1176 117 16.
1244 78 1321 118 311

201 187 358 240 quidem
386 187 602 235 Rhodium,
630 187 864 239 discipulum
889 188 1066 236 Panaetii,
1087 188 1197 228 video
1222 189 1262 227 in
1282 189 1329 228 iis

199 243 321 291 libris,
339 256 438 296 quos
464 243 512 281 de
534 242 677 282 Officio
703 243 852 294 scripsit
877 243 928 291 Q.
947 243 1160 289 Tuberoni,
1188 244 1328 293 dicere,

200 298 391 350 Sapientis
423 311 517 345 esse,
548 297 648 335 nihil
677 306 807 336 contra
839 310 978 344 mores,
1008 298 1124 349 leges,
1155 299 1332 337 instituta

198 352 417 401 facientem,
451 353 593 391 habere
625 352 812 391 rationem
845 352 900 391 rei
928 352 1140 391 familiaris.
1190 353 1332 406 Neque

198 408 304 447 enim
322 409 450 447 solum
476 407 585 446 nobis
609 407 746 445 divites
771 420 851 445 esse
876 408 1069 453 volumus,
1095 408 1160 446 sed
1185 408 1330 458 liberis,

199 463 441 515 propinquis,
469 462 614 509 amicis,
642 462 890 514 maximeque
916 462 1161 513 reipublicae:
1199 463 1333 514 singu-

198 519 328 557 lorum
356 517 459 556 enim
488 517 703 563 facultates,
733 524 770 554 et
799 517 930 568 copiae,
961 517 1104 555 divitiae
1127 525 1217 555 sunt
1242 517 1335 556 civi-

200 573 301 613 tatis.
350 572 457 611 Huic
491 572 671 611 Scaevolae
703 571 850 609 factum
885 571 949 615 (de
981 584 1060 623 quo
1093 572 1210 624 paulo
1241 580 1333 612 ante

200 628 299 676 dixi>
331 628 482 680 placere
512 627 623 664 nullo
652 625 768 664 modo
795 633 932 678 potest.
979 625 1140 665 Etenim
1172 627 1334 666 omnino

199 690 354 722 tanmm
372 696 413 721 se
432 690 547 734 negat
565 681 759 719 facturum
775 680 992 733 compendii
1007 681 1066 719 sui
1081 681 1333 734 831133,(1110(1

201 750 280 777 non
309 738 432 777 liceat.
493 736 600 775 Huic
630 748 699 774 nec
728 736 813 774 laus
839 748 984 787 magna
1011 736 1228 783 tribuenda,
1263 749 1335 776 nec

202 793 325 846 gratia
340 800 411 832 est.
467 792 557 837 Sed,
577 790 657 829 sive
676 790 871 829 simulatio
891 798 928 829 et
945 790 1200 829 dissimulatio
1220 791 1334 831 dolus

200 849 328 888 malus
355 854 424 896 est,
448 858 651 899 perpaucae
677 859 734 884 res
761 852 864 891 sunt,
893 846 934 883 111
959 846 1101 897 quibus
1127 845 1238 884 dolus
1263 845 1335 885 iste

200 903 329 941 malus
351 915 429 940 11011
449 908 642 941 versetur:
674 900 752 938 sive
777 900 835 938 vir
859 902 984 939 bonus
1009 907 1067 939 est
1091 900 1122 938 is
1148 901 1219 952 (1111
1246 913 1336 953 pro-

201 958 298 1005 dest,
318 957 460 1009 quibus
478 963 617 1008 potest,
639 962 748 994 nocet
767 955 928 1002 nemini,
950 963 1048 993 certe
1067 955 1185 993 istum
1206 955 1334 994 virum

199 1014 348 1052 bonum
367 1024 446 1050 non
464 1010 576 1050 facile
598 1010 843 1061 reperiemus.
885 1010 1105 1062 Nunquam
1131 1010 1251 1061 igitur
1275 1017 1335 1049 est

201 1067 296 1106 utile
314 1079 483 1119 peccare,
505 1065 597 1117 quia
616 1077 766 1116 semper
785 1072 841 1103 aet
865 1071 1002 1116 turpe:
1033 1071 1085 1112 et,
1114 1064 1206 1116 quia
1231 1078 1335 1104 sern-

200 1135 269 1173 per
300 1129 358 1160 est
386 1121 608 1169 honestum,
639 1119 768 1158 virum
798 1120 946 1158 bonum
975 1132 1069 1168 esse,
1100 1132 1250 1172 semper
1278 1126 1336 1159 est

198 1176 304 1215 utile.

254 1230 375 1271 XVI.
409 1230 473 1270 Ac
501 1229 550 1268 de
578 1230 666 1280 jure
694 1228 852 1281 quidem
880 1228 1113 1281 praediorum
1143 1229 1334 1269 sancitum

200 1294 257 1326 aet
278 1285 384 1339 apud
409 1298 478 1324 nos
501 1286 587 1335 jure
612 1284 729 1331 civili,
757 1290 815 1330 ut,
843 1283 884 1321 in
912 1283 972 1321 his
998 1283 1221 1332 vendendis,
1243 1284 1337 1323 vitia

200 1341 429 1387 dicerentur,
447 1353 534 1392 quae
554 1346 646 1378 nota
664 1346 787 1377 essent
806 1338 1006 1376 venditori.
1038 1339 1160 1387 Nam,
1177 1352 1267 1378 cum
1288 1352 1336 1378 ex

201 1396 292 1435 XII
311 1396 453 1434 tabulis
471 1394 562 1433 satis
577 1403 677 1432 esset
693 1406 737 1432 ea
757 1393 944 1445 praestari,
961 1407 1049 1445 quae
1063 1400 1186 1432 essent
1200 1394 1338 1445 lingua

202 1458 438 1502 nuncupata,
469 1463 557 1502 quae
584 1449 654 1500 qui
680 1447 872 1486 inficiatus
901 1456 1010 1495 esset,
1041 1447 1152 1499 dupli
1181 1461 1337 1500 poenam

204 1505 376 1551 subiret3
416 1518 439 1543 a
463 1502 733 1554 jureconsultis
762 1502 879 1541 etiam
907 1502 1112 1541 reticentiae
1141 1515 1254 1554 poena
1281 1510 1339 1541 est

204 1560 420 1599 constitum.
462 1557 668 1609 Quidquid
693 1557 797 1595 enim
823 1564 919 1595 esset
945 1556 986 1594 in
1011 1556 1156 1608 praedio
1179 1557 1276 1604 vitii,
1296 1557 1339 1596 id

205 1621 434 1662 statuerunt,
456 1612 488 1651 si
506 1611 682 1651 venditor
699 1612 824 1660 sciret,
846 1611 919 1649 nisi
938 1611 1170 1649 nominatim
1188 1611 1337 1650 dictum

206 1677 316 1716 esset,
335 1666 508 1720 praestari
526 1673 710 1718 oportere.
750 1666 823 1712 Ut,
843 1678 934 1704 cum
960 1665 1001 1703 in
1025 1678 1108 1704 aroe
1127 1665 1338 1717 augurium

207 1736 371 1775 augures
403 1721 526 1760 acturi
558 1728 695 1766 essent,
731 1720 1009 1772 jussffissentque
1042 1719 1092 1757 Τ.
1125 1720 1337 1759 Claudium

210 1776 501 1824 Centumalum,
537 1775 606 1828 qui
639 1774 738 1813 aedes
771 1774 812 1812 in
845 1774 966 1813 Caelio
994 1782 1127 1813 monte
1154 1775 1336 1825 habebat,

209 1832 384 1872 demoliri
422 1845 479 1879 ea,
519 1843 686 1892 quorum
724 1829 888 1867 altitudo
926 1829 1091 1867 officeret
1126 1829 1335 1881 auspiciis3

212 1886 397 1927 Claudius
431 1885 651 1938 proscripsit
684 1884 881 1922 insulam:
922 1883 1119 1922 vendidit·
1161 1884 1255 1922 emit
1290 1885 1337 1922 P.

211 1941 442 1995 Calpurnius
462 1939 676 1979 Lanarius:
707 1938 798 1977 huic
817 1940 866 1977 ab
886 1938 1098 1989 auguribus
1116 1938 1215 1976 illud
1233 1939 1338 1978 idem

211 1997 479 2037 denuntiatum
498 2003 566 2034 est.
608 1994 747 2045 Itaque
765 1993 1002 2045 Calpurnius
1022 2006 1112 2032 cum
1131 1993 1339 2033 demolitus

210 2060 317 2101 esset,
336 2052 626 2104 cognossetque,
646 2048 858 2087 Claudium
878 2048 977 2086 aedes
999 2055 1130 2099 postea
1149 2049 1340 2100 proscrip-

382 2118 446 2144 am
462 2111 561 2144 esset
578 2105 628 2142 ab
646 2116 786 2155 augun
774 2103 860 2141 bus
879 2101 1086 2141 demoliri
1071 2116 1215 2152 Jussus,
1237 2103 1339 2142 arbi-

207 2118 439 2200 gussenighim
460 2158 636 2211 adegit,‘
641 2157 858 2210 ‘quidquid
870 2157 946 2195 sibi
957 2156 1062 2206 dare,
1074 2157 1197 2196 facere
1199 2161 1339 2209 ‚opor-

207 2222 299 2256 teret
316 2228 364 2256 ex
382 2214 459 2256 fide
476 2213 621 2255 homst
650 2211 713 2252 M.
722 2212 823 2254 Cato
839 2211 1070 2253 senoenfiam
1084 2211 1197 2262 dixit,
1216 2211 1338 2263 hujus
