1470 2402
361 98 440 139 DE
469 98 828 149 SENECTUTE,
859 99 964 139 CAP.
988 102 1050 139 12.
1188 102 1267 148 347

150 208 194 248 in
224 220 303 261 quo
327 214 383 247 est
409 208 654 248 adolescentis
687 207 847 261 aliquid,
881 211 1027 261 probo:
1068 209 1172 262 quod
1199 211 1269 262 qui

151 263 336 315 sequitur,
357 276 511 314 corpore
530 275 644 301 senex
664 276 741 301 esse
756 263 907 314 poterit,
923 264 1052 302 animo
1066 276 1267 316 nunquam

151 317 234 356 erit.
263 316 457 378 Septimus
475 316 572 354 mihi
592 320 620 339 “
634 317 878 378 Originum'’
898 317 993 356 liber
1012 326 1066 356 est
1084 318 1125 355 in
1142 319 1268 356 mani-

151 371 248 410 bus:
279 371 409 409 omnia
430 371 668 422 antiquitatis
689 372 927 410 monimenta
945 372 1105 423 colligo:
1137 385 1268 410 causa-

149 438 240 463 rum
271 425 494 472 illustrium,
526 438 787 477 quascumque
819 426 984 473 defendi,
1014 439 1117 464 nunc
1149 440 1268 478 quam

150 479 321 517 maxime
350 479 506 517 conficio
536 479 748 518 orationes:
783 481 847 529 jus
877 493 1084 531 augurum,
1113 481 1268 532 pontifi-

149 545 255 581 cum,
289 533 398 571 civile
430 540 574 571 tracto:
618 534 788 572 multum
827 534 941 572 etiam
975 534 1118 572 Graecis
1149 535 1268 573 literis

148 594 257 626 utor:
283 587 688 639 Pythagoreorumque
702 601 820 635 more,
837 588 1054 626 exercendae
1071 589 1268 627 memoriae

147 641 286 693 gratia,
307 641 400 693 quid
425 655 579 693 quoque
604 642 666 680 die
688 642 866 685 dixerim
887 642 1086 689 audierim,
1108 643 1266 704 egerim,

147 707 405 734 commemoro
423 696 580 747 vesperi.
610 696 687 734 Hae
706 704 795 734 sunt
810 696 1092 734 exercitationes
1106 696 1265 747 ingenii,

146 747 230 788 haec
247 750 434 788 curricula
451 749 614 788 mentis:
645 750 685 788 in
711 750 770 789 his
796 750 983 788 desudans
1005 758 1121 801 atque
1139 751 1267 789 elabo-

147 815 250 852 rans,
270 804 434 856 corporis
453 804 549 842 vires
563 817 639 843 non
654 817 885 856 magnopere
899 804 1079 843 desidero.
1108 804 1266 843 Adsum

147 858 304 896 amicis:
335 858 444 896 venio
463 858 503 896 in
523 866 697 897 senatum
723 858 913 910 frequens,
946 859 1124 910 ultroque
1149 858 1266 897 affero

146 924 206 950 105
233 913 403 950 multum
431 919 467 950 et
492 912 559 949 diu
590 912 795 964 cogitatas3
831 926 968 964 easque
993 920 1101 951 tueor
1128 912 1264 961 animi,

148 976 226 1004 11011
255 966 433 1017 corporis,
466 966 620 1004 viribus.
664 966 765 1014 Quae
798 966 829 1005 si
862 967 1018 1018 exsequi
1047 967 1262 1018 nequirem,

147 1027 276 1058 tamen
294 1033 357 1059 me
374 1021 536 1058 lectulus
555 1021 757 1059 oblectaret
775 1033 897 1069 meus,
925 1034 969 1059 ea
992 1021 1075 1072 ipsa
1093 1020 1265 1071 cogitan-

146 1080 241 1122 tem,
267 1088 353 1126 quae
375 1075 458 1124 jam
483 1088 594 1125 agere
618 1087 695 1113 non
720 1088 894 1136 possem:
931 1075 1008 1123 sed,
1035 1082 1080 1112 ut
1104 1075 1262 1125 possim,

145 1127 237 1166 facit
259 1136 342 1167 acta
367 1129 456 1167 vita.
496 1129 656 1180 Semper
681 1129 784 1167 enim
809 1129 849 1167 in
874 1128 934 1167 his
962 1129 1095 1167 studiis
1122 1129 1264 1167 labori-

144 1183 295 1234 busque
318 1182 461 1222 viventi
481 1195 559 1221 non
583 1183 822 1234 intelligitur,
851 1183 1005 1234 quando
1027 1184 1183 1244 obrepat
1206 1196 1264 1221 se-

143 1243 288 1275 nectus.
336 1237 399 1275 Ita
431 1237 569 1276 sensim
603 1237 682 1276 sine
715 1250 825 1275 sensu
856 1245 945 1275 aetas
973 1237 1156 1275 senescit;
1193 1249 1263 1276 nec

143 1290 270 1329 subito
287 1290 500 1342 frangitur,
531 1290 596 1329 sed
613 1291 862 1330 diuturnitate
880 1291 1147 1342 exstinguitur.

197 1344 301 1382 XII.
331 1345 512 1396 Sequitur
534 1345 644 1383 tertia
663 1345 890 1397 vituperatio
914 1345 1129 1393 senectutis,
1157 1344 1261 1396 quod

143 1410 229 1436 eam
243 1411 366 1437 carere
380 1399 512 1437 dicunt
526 1400 798 1451 voluptatibus.
824 1399 862 1439 O
877 1400 1103 1451 praeclarum
1117 1412 1261 1437 munus

143 1451 278 1500 aetatis,
305 1453 336 1491 si
360 1453 517 1504 quidem
542 1453 582 1491 id
609 1454 732 1492 aufert
757 1454 880 1501 nobis,
902 1453 1006 1504 quod
1031 1461 1086 1492 est
1110 1453 1150 1490 in
1170 1453 1261 1491 ado-

142 1506 323 1544 lescentia
340 1507 646 1545 vitiosissimum!
678 1508 853 1560 Accipite
872 1508 988 1555 enim,
1009 1507 1145 1558 optimi
1169 1507 1261 1545 ado-

143 1559 336 1609 lescentes,
375 1568 539 1599 veterem
575 1561 783 1600 orationem
820 1561 1005 1612 Archytae
1042 1561 1257 1607 Tarentini,

140 1613 275 1665 magni
293 1614 333 1652 in
351 1615 485 1665 primis
507 1623 543 1653 et
567 1616 738 1666 praeclari
762 1615 858 1660 viri3
889 1628 976 1666 quae
1000 1614 1097 1652 mihi
1122 1614 1261 1652 tradita

140 1675 211 1715 est,
232 1680 321 1706 cum
340 1681 456 1706 essem
477 1668 692 1707 adolescens
711 1669 872 1707 Tarenti
889 1681 978 1707 cum
997 1668 1047 1716 Q.
1066 1668 1257 1706 Maximo.

140 1722 307 1760 Nullam
333 1722 589 1773 capitaliorem
614 1730 774 1774 pestem,
795 1736 913 1774 quam
939 1722 1104 1773 corporis
1123 1723 1262 1773 volup·
1281 1726 1289 1735 ‘

139 1782 274 1822 tatem,
293 1776 513 1814 hominibus
532 1776 680 1815 dicebat
698 1790 721 1814 a
738 1776 876 1814 natura¹
890 1776 1041 1822 datam3
1067 1777 1176 1826 cujus
1191 1789 1259 1814 vo-

138 1830 298 1882 luptatis
316 1829 436 1868 avidae
452 1830 628 1868 libidines
643 1838 784 1870 temere
798 1838 835 1868 et
849 1830 1026 1869 effrenate
1040 1830 1089 1868 ad.
1102 1829 1258 1881 potiun-

139 1883 236 1922 dum
271 1884 530 1923 incitarentur.
577 1884 684 1923 Hinc
719 1885 853 1936 patriae
888 1884 1132 1936 proditiones,
1166 1884 1258 1922 hinc

136 1938 510 1989 rerumpublicarum
524 1938 746 1986 eversiones,
759 1938 849 1976 hinc
863 1951 951 1976 cum
965 1937 1138 1976 hostibus
1152 1938 1258 1976 clan-

137 1991 285 2030 destina
303 1992 491 2043 coquuia
508 1993 635 2031 nasci:
662 1993 816 2030 nullum
835 1992 998 2043 denique
1016 1992 1151 2040 scelus,
1166 1992 1255 2030 nul-

135 2046 221 2084 lum
239 2046 390 2084 malum
407 2046 554 2085 facinus
573 2060 665 2093 esse,
686 2047 734 2085 ad
753 2046 858 2098 quod
876 2046 1160 2098 suscipiendum
1176 2058 1255 2084 non

135 2099 256 2138 libido
283 2101 489 2152 voluptatis
515 2101 754 2152 impellerem
791 2108 922 2152 stupra
949 2113 1050 2148 vero,
1080 2108 1118 2138 et
1145 2099 1256 2138 adul-

136 2154 244 2200 teria,
274 2162 312 2193 et
338 2167 454 2193 omne
480 2155 556 2193 tale
583 2155 787 2207 flagitium,
816 2155 933 2193 nullis
959 2154 1043 2193 aliis
1069 2153 1258 2192 illecebris

136 2208 306 2260 excitari,
322 2208 395 2250 nisi
409 2209 628 2263 voluptatis.
655 2209 835 2264 Cumque
848 2209 997 2251 homini
1010 2208 1088 2250 sive
1102 2216 1255 2255 natura,
