1470 2402
221 81 301 119 208
409 79 487 119 DE
516 80 776 130 OFFICIIS,
799 80 899 119 Lm.
920 80 955 119 Ι.
975 79 1080 121 ΟΑΡ.
1096 81 1136 120 9.

221 187 378 226 miliaris
409 189 666 241 amplificatio,
700 189 844 227 nemini
875 201 1026 236 nocens,
1055 186 1326 239 vituperanda:

220 241 287 279 sed
305 241 486 293 fugienda
503 256 650 294 semper
668 243 808 292 injuria
825 250 891 281 est.

274 295 450 335 Maxime
468 305 596 334 autem
615 297 855 337 adducuntur
872 296 1057 356 plerique,
1078 303 1122 334 ut
1139 308 1201 333 eos
1215 294 1328 344 justi-

219 348 283 385 tiae
307 350 431 401 capiat
463 351 616 399 oblivio,
649 363 735 389 cum
765 351 806 388 in
832 350 1093 401 imperiorum,
1122 349 1327 394 honorum,

217 403 361 451 gloriae,
382 405 627 455 cupiditatem
646 404 855 444 inciderint.
885 403 1002 452 Quod
1024 403 1126 441 enim
1152 409 1207 440 est
1225 401 1329 453 apud

220 456 411 507 Ennium,

275 535 304 554 ‘⁶
324 533 447 572 Nulla
466 542 593 573 sancta
612 535 778 584 societas,
799 547 866 573 1180
884 534 991 583 fides,
1011 533 1118 584 regni
1137 532 1236 580 est,'’

215 622 256 660 id
274 623 388 661 latius
401 632 529 675 patet:
560 637 665 673 113111,
687 624 874 676 quidquid
892 622 1079 674 ejusmodi
1098 629 1167 668 aet,
1186 621 1227 659 in
1252 633 1329 672 quo

216 689 292 715 non
325 678 469 728 possint
498 679 625 730 plures
655 680 851 726 excellere,
884 678 923 715 in
955 690 998 715 eo
1030 677 1074 714 fit
1101 676 1329 727 plerumque

215 737 322 768 tanta
340 733 543 779 contentio,
565 740 608 770 ut
626 732 894 771 difficillimum
919 731 967 770 sit
992 737 1161 768 sanctam
1184 741 1330 766 servare

216 784 442 823 societatem.
473 786 690 824 Declaravit
708 787 748 824 id
761 786 875 824 modo
890 784 1078 823 temeritas
1093 783 1137 821 C.
1155 781 1328 829 Caesaris,

215 838 284 888 qui
302 839 432 877 omnia
446 841 535 889 jura
553 840 682 878 divina
696 848 811 892 atque
824 840 995 877 humana
1007 836 1199 889 pervertit,
1214 848 1331 887 propa

217 899 273 929 ter
302 905 406 941 811111,
437 907 554 944 quem
583 894 655 932 sibi
683 894 763 945 ipse
789 893 977 944 opinionis
1004 904 1126 930 errore
1151 890 1327 938 finxerat,

215 945 483 998 principatum.
523 947 595 985 Est
619 955 749 985 autem
777 947 817 984 in
845 947 916 985 hoc
945 958 1081 997 genere
1107 944 1327 990 molestum,

214 999 332 1050 quod,
360 1001 400 1038 in
425 1001 604 1039 maximis
630 1001 781 1062 animis,
809 998 1196 1060 splendidissimisque
1220 997 1327 1058 11138-

214 1053 301 1099 11115,
322 1054 550 1106 plerumque
568 1055 754 1093 exsistunt
768 1054 960 1100 110110115,
950 1053 1114 1104 lmperii,
1135 1051 1327 1102 potentiae‚

213 1107 344 1167 gloriae
362 1108 607 1158 cupiditates:
639 1122 716 1159 quo
729 1109 851 1159 magis
865 1107 1076 1146 cavendum
1087 1113 1156 1151 est,
1169 1117 1217 1143 ne
1231 1104 1326 1156 quid

214 1160 255 1198 in
275 1173 319 1198 80
337 1174 473 1211 genere
491 1169 675 1223 peccetur.

268 1214 371 1252 Sed
361 1227 401 1252 m
419 1216 525 1253 omni
543 1215 729 1264 injustitia
746 1215 982 1266 permultum
1009 1214 1176 1260 interest,
1194 1218 1327 1250 utrum

214 1269 495 1318 perturbatione
527 1269 658 1320 aliqua
681 1269 800 1306 animi
823 1272 927 1320 (quae
951 1269 1178 1319 plerumque
1204 1266 1326 1304 brevis

213 1328 283 1367 est,
304 1329 341 1359 et
358 1322 407 1360 ad
426 1330 609 1375 tempus),
631 1335 680 1360 an
699 1323 869 1361 consulto
887 1330 924 1361 et
941 1322 1117 1382 00311310,
1138 1320 1233 1358 fiat
1223 1320 1327 1368 inju-

213 1375 280 1412 ria.
322 1375 483 1414 Leviora
502 1376 604 1414 enim
623 1384 725 1423 sunt,
746 1390 833 1428 quae
857 1377 1052 1427 repentino
1071 1375 1199 1425 aliquo
1217 1381 1325 1412 motu

214 1428 405 1477 accidunt,
425 1443 542 1481 quam
568 1443 625 1477 ea,
652 1444 739 1481 quae
765 1430 947 1468 meditata
972 1437 1010 1467 et
1033 1434 1244 1480 praeparata
1267 1427 1327 1464 in-

213 1482 398 1520 feruntur.
439 1489 502 1522 Ac
520 1483 566 1522 de
584 1483 782 1523 inferenda
799 1483 955 1536 quidem
981 1482 1122 1533 injuria
1141 1482 1230 1520 satis
1247 1481 1327 1520 dic-

220 1543 303 1574 tum
324 1544 390 1576 est.

266 1591 343 1628 IX.
374 1591 714 1630 Praetermittendae
738 1598 867 1630 autem
892 1589 1132 1637 defensionis,
1152 1589 1325 1628 deseren-

212 1643 329 1706 dique
347 1644 473 1693 officii,
494 1647 620 1697 plures
640 1646 760 1684 solent
779 1659 856 1684 esse
870 1658 1002 1683 causae.
1033 1645 1153 1691 Nam,
1175 1650 1243 1681 aut
1266 1642 1326 1680 in-

213 1697 403 1759 imicitias,
423 1706 490 1737 aut
508 1701 691 1748 laborem,
712 1707 779 1738 aut
797 1707 945 1738 sumtus
958 1699 1145 1749 suscipere
1163 1697 1324 1741 nolunt;

211 1760 279 1789 aut
298 1752 411 1790 etiam
430 1754 675 1804 negligentia,
695 1753 862 1805 pigritia,
882 1753 1030 1801 inertia,
1057 1759 1124 1789 aut
1148 1751 1225 1788 suis
1244 1757 1325 1788 stu-

211 1805 283 1843 diis
313 1807 546 1856 quibusdam
575 1807 930 1858 occupationibusve
961 1806 1014 1844 510
1043 1804 1321 1856 impediuntur,

214 1866 258 1896 ut
277 1872 352 1905 eos,
372 1873 468 1911 quos
493 1861 609 1898 tutari
634 1861 809 1907 debeant,
829 1860 991 1898 desertos
1017 1871 1095 1898 esse
1112 1857 1322 1910 patiantur.

213 1912 350 1963 Itaque
367 1913 575 1952 videndum
593 1923 661 1963 est,
682 1927 730 1952 ne
747 1926 824 1952 non
839 1914 927 1952 satis
945 1913 994 1951 sit
1011 1913 1065 1961 id,
1091 1911 1195 1972 quod
1221 1909 1325 1962 apud

215 1965 416 2005 Platonem
442 1975 497 2006 est
521 1968 561 2006 in
585 1968 828 2019 philosophos
852 1967 1021 2006 dictum:
1052 1965 1155 2017 quod
1179 1965 1220 2002 in
1246 1964 1324 2002 veri

212 2019 498 2071 investigatione
523 2030 730 2069 versentur,
756 2021 936 2072 quodque
960 2033 1018 2067 83,
1044 2032 1131 2070 quae
1153 2017 1324 2069 plerique

212 2072 453 2118 vehementer
479 2083 672 2126 expetant,
698 2075 746 2114 de
771 2075 911 2126 quibus
935 2074 1033 2112 inter
1060 2085 1100 2111 se
1123 2071 1324 2122 digladiari

213 2126 369 2173 soleant,
390 2135 648 2176 contemnant,
668 2137 706 2167 et
729 2141 799 2180 pro
816 2128 936 2166 nihilo
954 2127 1108 2173 ducant,
1127 2133 1324 2177 propterea

209 2180 331 2227 justos
350 2194 439 2221 esse.
481 2183 587 2222 Nam
612 2183 775 2222 alterum
796 2182 955 2231 Justitiae
979 2193 1099 2233 genus
1117 2189 1324 2232 assequun-
