1470 2402
216 117 267 160 76
323 116 400 155 DE
420 117 835 166 DIVINATIONE,
855 117 954 156 LIB.
969 117 1026 156 ΙΙ.
1047 113 1152 156 CAPL
1165 109 1252 154 303'

216 231 315 270 tum,
336 224 367 261 si
392 237 555 285 anguem
574 225 688 263 vectis
713 223 1104 277 circumplicavisseff'
1144 223 1232 261 Hoc
1254 222 1342 260 ifle·

216 289 394 327 responso
413 279 501 316 satis
519 287 644 329 aperte
664 279 877 327 declaravit,
896 279 993 317 nihil
1010 277 1230 316 habendum
1243 285 1337 314 esse*

215 338 448 381 portentum,
469 332 572 382 quod
590 332 670 370 fieri
689 341 823 383 posset.

270 384 432 422 XXIX
462 386 506 423 C.
529 386 723 424 Gracchus
741 386 790 423 ad
809 386 868 423 M.
886 384 1144 435 Pomponium
1163 381 1323 434 scripsit,

217 437 367 475 duobus
396 452 480 489 ang·
474 440 585 476 uibus
615 439 719 477 domi
746 439 1035 500 comprehensis,
1063 437 1278 488 haruspices
1302 448 1327 473 a

216 499 324 541 patre
341 500 572 530 convocatos.
611 493 693 540 Qui
712 494 834 544 magis
853 493 1054 543 anguibus,
1075 503 1192 542 quam
1208 491 1326 528 lacer-

215 544 279 591 tis,
300 558 413 595 quam
441 546 645 584 muribus?
675 547 765 597 quia
790 554 877 584 sunt
901 546 982 583 haec
1004 544 1238 596 quotidiana,
1257 555 1327 580 an-

217 611 309 648 gues
328 611 404 636 non
423 599 527 637 item.
557 599 679 646 Quasi
696 613 783 637 vero
802 600 949 645 referat,
970 598 1072 650 quod
1089 597 1170 636 fieri
1187 604 1324 648 potest,

218 664 336 702 quam
354 652 393 689 id
413 666 511 703 saepe
529 653 606 690 fiat.
648 653 734 704 Ego
753 661 878 690 tamen
898 653 1028 700 miror,
1053 652 1084 689 si
1103 651 1251 689 emissio
1268 650 1325 688 fe-

217 705 334 742 minae
353 707 486 756 anguis
505 714 665 744 mortem
685 707 861 744 afferebat
881 706 943 743 Ti.
966 705 1151 751 Graccho,
1175 704 1326 742 emissio

219 766 348 796 autem
367 759 481 796 maris
500 760 634 809 anguis
654 768 732 798 erat
748 759 942 798 mortifera
960 759 1159 805 Corneliae,
1186 770 1253 795 cur
1270 757 1327 795 al-

216 818 405 849 terutrum
424 813 598 850 emiserit.
629 814 739 851 Nihil
758 814 859 850 enim
875 813 1002 851 scribit
1013 811 1246 863 respondisse
1257 810 1329 848 ha-

221 866 403 915 ruspices,
427 866 458 903 si
483 874 615 904 neuter
640 868 774 917 anguis
799 867 956 904 emissus
982 873 1089 913 esset,
1115 865 1208 916 quid
1233 871 1343 903 esset·

222 918 409 956 futurum.
453 921 511 957 At
539 932 641 958 mors
668 921 836 958 insecuta
860 920 1078 958 Gracchum
1103 926 1181 957 est:
1215 918 1330 956 causa

217 972 373 1022 quidem
402 973 546 1034 (cretio)
577 974 707 1025 aliqua
734 974 859 1012 morbi
888 973 1082 1024 gravioris,
1113 984 1191 1010 non
1216 971 1329 1010 emis-

217 1026 320 1063 sione
339 1027 532 1077 serpentis.
573 1028 711 1079 Neque
729 1028 831 1065 enim
850 1035 956 1065 tanta
973 1034 1028 1064 est
1045 1026 1243 1063 infelicitas
1259 1025 1330 1062 ha-

217 1079 427 1130 ruspicum,
458 1088 502 1118 ut
530 1093 579 1118 ne
607 1093 696 1119 casu
724 1081 877 1132 quidem
909 1093 1083 1131 unquam
1114 1079 1195 1126 fiat,
1224 1078 1330 1131 quod

218 1133 394 1170 futurum
425 1134 483 1170 1111
513 1147 590 1172 esse
621 1135 797 1172 dixerint.
838 1135 944 1172 Nam
973 1133 1071 1171 illud
1096 1133 1267 1179 mirarer,
1297 1132 1330 1170 si

219 1186 422 1234 crederem,
443 1188 559 1238 quod,
575 1188 678 1239 apud
693 1188 922 1234 Homerum,
939 1187 1186 1225 Calchantem
1199 1185 1331 1224 dixisti

219 1252 267 1276 ex
281 1253 475 1290 passerum
491 1254 648 1279 numero
662 1242 754 1279 belli
767 1241 928 1291 Trojani
942 1253 1060 1278 annos
1073 1248 1304 1291 auguratum
1314 1253 1328 1277 ε

222 1293 268 1330 de
301 1295 408 1343 cujus
441 1296 655 1343 conjectura
687 1295 752 1343 sic,
786 1295 889 1346 apud
921 1295 1152 1340 Homerum,
1185 1301 1230 1332 ut
1260 1305 1331 1332 nos

221 1347 329 1385 otiosi
348 1349 614 1397 convertimus,
633 1349 802 1400 loquitur
823 1347 1114 1400 [Agamemnon
1127 1349 1162 1400 z]
1291 1359 1295 1362 ·

273 1454 410 1493 XXX.
442 1458 470 1478 “
486 1456 612 1505 Ferte,
632 1457 717 1505 viri,
745 1464 782 1495 et
806 1456 920 1494 duros
943 1455 1072 1494 animo
1097 1455 1252 1494 tolerate
1275 1454 1347 1492 la-‘

434 1511 557 1557 bores,

325 1563 499 1614 Auguris
517 1573 561 1602 ut
579 1565 696 1602 nostri
714 1564 929 1603 Calchantis
947 1563 1026 1601 fata
1044 1575 1229 1624 queamus

327 1617 443 1663 Scire,
464 1625 612 1656 ratosne
629 1618 808 1665 habeant,
823 1631 871 1655 an
886 1630 1015 1664 vanos,
1035 1617 1194 1668 pectoris
1207 1629 1326 1654 orsus.

325 1670 508 1721 Namque
533 1684 664 1709 omnes
692 1671 854 1710 memori
876 1678 1095 1722 portentum
1119 1677 1247 1708 mente
1270 1682 1330 1735 re-

433 1732 594 1772 tentant,

326 1776 408 1824 Qui
427 1790 504 1814 non
523 1778 680 1816 funestis
698 1779 893 1830 liquerunt
910 1778 1059 1816 lumina
1077 1777 1176 1815 fatis.

325 1830 517 1881 Argolicis
534 1832 703 1882 primum
723 1840 766 1870 ut
785 1832 917 1870 vestita
935 1840 990 1869 est
1004 1831 1183 1869 classibus
1196 1831 1328 1878 Aulis,
1346 1849 1348 1851 >

325 1883 427 1930 Quae
452 1885 607 1922 Priamo
632 1885 779 1923 cladem
801 1893 838 1923 et
856 1885 999 1934 Trojae,
1019 1892 1254 1936 pestemque,
1273 1884 1330 1922 fe-

436 1940 594 1983 rebant3

328 1990 428 2038 Nos,
449 1991 589 2029 circum
608 1992 736 2030 latices
754 1991 913 2043 gelidos,
933 1991 1171 2029 fumantibus
1189 1991 1277 2039 aris,

325 2044 526 2094 Aurigeris
543 2045 690 2083 Divum
708 2046 900 2096 placantes
918 2045 1077 2082 numina
1094 2045 1225 2091 tauris,

325 2098 407 2135 Sub
418 2098 572 2148 platano
583 2099 804 2145 umbrifer-21,
816 2099 901 2136 fons
914 2099 1017 2137 unde
1030 2105 1182 2136 emanat
1196 2098 1325 2149 aquai,

326 2150 507 2189 Vidimus
523 2151 684 2190 immani
702 2153 824 2204 specie
841 2160 1019 2203 tortuque
1036 2152 1237 2191 draconem

324 2204 566 2252 Terribilem,
586 2205 615 2243 J
617 2207 696 2244 ovis
714 2214 759 2245 ut
775 2206 890 2258 pulsu
909 2208 1129 2258 penetrabat
1147 2207 1198 2244 ab
1216 2205 1306 2244 ara:
1341 2222 1347 2229 ·
