1470 2402
345 399 424 452 M.
445 401 694 453 TULLII
734 400 1142 468 CICERONIS,

714 547 778 575 DE

415 652 1075 728 LEGIBUS,

528 792 710 834 LIBER
740 791 978 831 PRIMUS.

670 939 821 975 —4-

196 1073 242 1111 T.
254 1074 498 1125 Pomponius
512 1072 810 1111 Atticus-M.
821 1073 867 1110 T.
882 1073 1082 1111 Cicero—
1094 1069 1140 1115 Q.
1156 1070 1318 1108 Frater.

246 1182 281 1221 I.
310 1183 484 1221 Atticus.
514 1183 675 1222 Lucus
696 1181 854 1234 quidem
879 1182 961 1229 ille,
983 1188 1021 1219 et
1046 1179 1128 1217 haec
1146 1178 1321 1230 Arpina-

190 1236 292 1275 tium
312 1250 474 1289 quercus
493 1238 726 1289 agnoscitur,
747 1251 847 1289 saepe
866 1250 889 1275 a
907 1249 970 1274 me
985 1236 1105 1273 lectus
1124 1234 1165 1271 in
1181 1237 1209 1255 ‘⁶
1231 1233 1324 1271 Ma-

190 1291 289 1330 rio.''
315 1293 358 1331 si
370 1301 501 1330 manet
513 1293 580 1330 illa
599 1305 775 1345 quercus,
796 1293 878 1330 haec
893 1299 949 1329 est
964 1289 1132 1342 profecto
1147 1303 1157 1326 ι
1180 1288 1321 1326 etenim

193 1353 250 1384 est
263 1359 354 1385 sane
374 1358 493 1385 vetus.
528 1348 711 1392 Quintus.
734 1347 873 1384 Manet
894 1358 995 1392 vero,
1017 1344 1148 1382 Attice
1168 1350 1322 1386 nostem

192 1409 230 1439 et
241 1414 391 1453 semper
402 1403 575 1440 manebit
589 1417 598 1440 z
615 1412 695 1441 sata
707 1410 762 1440 est
774 1402 876 1440 enim
892 1400 1058 1452 ingenio.
1080 1398 1242 1436 Nullius
1257 1410 1327 1434 au-

194 1462 274 1494 tem
293 1457 469 1508 agricolae
488 1457 595 1495 cultu
616 1457 729 1508 stirps
748 1465 830 1494 tam
849 1455 1047 1502 diuturna,
1064 1465 1183 1504 quam
1202 1456 1327 1503 poetae

195 1523 322 1559 versu,
339 1512 519 1550 seminari
531 1519 665 1563 potest.
711 1512 883 1549 Atticus.
905 1510 997 1557 Quo
1017 1507 1175 1547 tandem
1193 1506 1324 1553 modo,

197 1565 378 1613 Quinte?
408 1574 476 1604 aut
504 1567 618 1618 quale
647 1575 703 1604 est
733 1567 845 1611 istuc,
881 1565 986 1617 quod
1013 1567 1136 1616 poetae
1164 1562 1327 1599 serunt?

196 1619 296 1657 mihi
315 1621 418 1658 enini
439 1620 592 1670 videris,
612 1621 771 1659 fratrem
790 1618 999 1666 laudando,
1021 1616 1224 1667 suffragari
1244 1614 1327 1653 tibi.

202 1674 385 1719 Quintus.
407 1675 466 1714 Sit
484 1675 538 1713 ita
557 1688 658 1714 sane.
703 1675 857 1714 Verum
882 1682 1027 1720 tamen,
1053 1672 1149 1709 dum
1176 1670 1330 1708 Latinae

197 1729 405 1780 loquentur
423 1730 556 1777 literae,
579 1743 742 1782 quercus
759 1730 851 1767 huic
875 1729 959 1766 loco
984 1739 1063 1765 non
1082 1725 1215 1772 deerit,
1243 1737 1331 1776 quae

198 1783 383 1821 Mariana
410 1784 581 1823 dicam:
613 1797 736 1836 eaque
764 1788 826 1828 (ut
853 1783 907 1821 ait
932 1781 1103 1820 Scaevola
1129 1780 1178 1818 de
1203 1778 1331 1817 fratris

198 1838 276 1876 mei
297 1842 325 1860 “
346 1839 477 1877 Mario
491 1840 542 1888 ”)

254 1914 284 1935 “
305 1912 491 1952 canescet
510 1913 630 1952 saeclis
648 1911 1038 1952 innumerabilibus-’³

200 2003 290 2043 Nisi
315 2003 413 2042 forte
431 2003 600 2042 Athenae
625 2011 703 2042 tuae
728 2003 1000 2055 sempiternam
1028 2002 1069 2039 in
1095 2014 1180 2039 arce
1205 2000 1332 2038 oleam

199 2066 328 2097 tenere
347 2066 556 2110 potuerunt
569 2072 581 2104 ;
603 2067 684 2107 aut,
701 2058 806 2111 quod
820 2057 1051 2096 Homericus
1065 2057 1225 2108 Ulysses
1239 2054 1333 2092 Deli

199 2126 240 2151 se
257 2126 454 2164 proceram
474 2120 511 2151 et
535 2121 708 2152 teneram
731 2114 905 2165 palmam
924 2112 1062 2151 vidisse
1085 2110 1198 2157 dixit,
1218 2108 1333 2147 hodie

201 2175 418 2206 monstrant
436 2167 612 2206 eamdem
627 2182 638 2206 :
665 2168 868 2219 multaque
887 2167 964 2206 ah'a
980 2165 1116 2204 multis
1133 2164 1226 2203 locis
1244 2163 1331 2201 diu-

201 2221 278 2260 tius
306 2222 672 2262 commemoratione
701 2230 876 2273 manent,
911 2234 1031 2274 quam
1064 2219 1205 2260 natura
1237 2225 1336 2265 state
