1470 2402
310 76 390 117 DE
418 75 684 127 LEGIBUS,
705 76 806 116 LIB·
828 77 889 117 ΙΙ.
909 77 1016 117 CAP.
1041 78 1102 118 10.
1191 81 1270 119 163

139 193 253 226 erunt
277 185 357 226 fere
381 186 423 226 in
447 199 556 227 more
580 188 790 238 majorum,
817 187 887 240 qui
911 194 1013 237 tum,
1033 195 1078 227 ut
1102 187 1182 238 lex,
1202 202 1270 228 va-

139 242 256 281 lebat.

193 296 366 335 Atticus.
407 296 535 336 Suade
558 296 691 347 igitur,
716 296 748 336 si
773 296 911 349 placet,
931 297 1045 336 istam
1071 297 1196 349 ipsam
1214 298 1272 337 le-

140 364 245 403 gem,
283 359 328 389 ut
357 364 442 402 ego,
487 354 515 374 ‘'-
535 352 594 390 uti
633 350 718 404 [tu]
759 353 913 403 rogas,''
951 352 1095 404 possim
1133 353 1270 391 dicere.

143 407 327 444 stlarcus.
369 406 484 445 Ai'n'
518 406 690 455 tandem,
723 406 888 445 Attice?
918 419 995 445 non
1030 420 1068 445 es
1099 406 1272 446 dicturus

141 460 283 499 aliter?
313 460 484 498 Atticus.
516 461 678 499 Prorsus
697 461 883 510 majorem
903 461 1062 512 quidem
1081 474 1163 500 rem
1182 462 1272 499 nul-

141 515 222 553 lam
241 515 398 554 sciscam
418 515 552 561 aliter;
582 515 624 553 in
643 515 871 564 minoribus,
893 516 925 554 si
944 516 1060 563 voles,
1077 515 1273 554 remittam

140 569 214 608 1100
247 569 329 608 tibi.
377 569 561 615 Quintus.
608 571 744 622 Atque
777 570 860 609 haec
889 583 978 608 mea
1002 569 1162 622 quidem
1188 583 1275 608 sen-

140 623 262 662 tentia
293 630 361 663 est.
410 626 593 662 Marcus.
640 625 713 672 At,
745 636 794 663 ne
823 625 986 676 longum
1016 625 1097 671 fiat,
1133 624 1272 663 videte.

142 678 316 718 Atticus.
357 679 523 718 Utinam
550 678 734 732 quidem!
767 679 862 732 quid
888 679 991 718 enim
1016 692 1128 731 agere
1147 680 1276 718 malu-

144 735 266 772 mus?

198 789 382 826 Marcus.
413 787 527 827 caste
553 789 664 838 jubet
689 788 754 826 lex
783 787 888 827 adire
915 787 965 826 ad
997 787 1117 835 Deos,
1145 788 1278 827 animo

142 842 332 890 videlicet,
352 843 393 881 in
413 857 491 896 quo
511 850 602 881 sunt
620 843 774 881 omnia:
807 855 876 881 nec
895 843 995 881 tollit
1011 843 1276 881 castimoniam

143 897 336 949 corporis.
368 898 433 936 sed
452 898 524 936 hoc
542 906 691 950 oportet
710 897 891 948 intessigi,
907 910 996 936 cum
1008 897 1180 935 multum
1193 898 1278 936 ani-

142 965 231 990 mus
251 952 399 1004 corpori
416 961 596 1004 praestet;
627 954 939 1003 observeturque,
958 960 1003 990 ut
1022 961 1125 990 casta
1144 965 1278 1004 corpo-

142 1020 186 1045 ra
210 1006 480 1068 adhibeantur,
510 1007 636 1045 multo
664 1020 743 1045 esse
767 1006 808 1044 in
828 1007 968 1045 animis
986 1006 1026 1044 id
1046 1020 1127 1044 serv
1130 1007 1277 1044 andum

142 1061 295 1112 magis:
326 1073 419 1100 nam
443 1062 633 1100 incestum
648 1062 709 1100 vel
724 1061 967 1113 adspersione
979 1075 1105 1113 aquae,
1122 1062 1183 1099 vel
1198 1061 1279 1099 die-

143 1129 233 1155 rum
252 1128 428 1163 numero,
450 1115 622 1155 tollitur:
654 1116 775 1154 animi
801 1116 907 1154 labes
932 1129 1001 1154 nec
1027 1115 1280 1154 diuturnitate

144 1183 379 1219 evanescere,
400 1183 470 1210 nec
488 1173 669 1210 amnibus
689 1171 778 1209 ullis
798 1171 891 1219 elui,
912 1178 1049 1222 potest.

200 1225 320 1274 Quod
339 1233 470 1264 autem
488 1226 673 1277 pietatem
693 1225 881 1274 adhiberi,
902 1239 992 1277 opes
1018 1225 1189 1264 amoveri
1212 1226 1279 1275 ju-

146 1282 226 1329 bet,
253 1280 457 1332 significat,
489 1281 672 1332 pietatem
698 1288 850 1332 gratam
874 1293 953 1319 esse
979 1280 1080 1327 Deo,
1106 1288 1281 1319 sumtum

148 1349 227 1375 esse
246 1335 535 1374 removendum.
567 1335 677 1383 Quid
696 1343 751 1374 est
766 1335 884 1381 enim,
906 1348 995 1373 cum
1014 1342 1283 1386 paupertatem

148 1390 292 1429 divitiis
315 1390 433 1430 etiam
454 1390 554 1428 inter
579 1390 755 1428 homines
782 1403 862 1429 esse
887 1390 1076 1442 aequalem
1103 1389 1282 1436 velimus,

150 1458 219 1485 cur
237 1458 338 1493 eam,
354 1452 487 1484 sumtu
503 1445 553 1483 ad
565 1458 670 1484 sacra
685 1444 828 1492 addito,
845 1444 1021 1483 Deorum
1036 1444 1144 1482 aditu
1157 1457 1284 1482 arcea-

150 1501 271 1539 mus?
300 1499 513 1552 praesertim
532 1513 623 1538 cum
642 1499 716 1552 ipsi
742 1499 828 1538 Deo
847 1499 948 1538 nihil
971 1499 1102 1537 minus
1127 1506 1284 1550 gratum

151 1553 332 1592 futurum
351 1554 414 1602 sit,
435 1567 555 1606 quam
580 1567 658 1593 11011
687 1554 868 1593 omnibus
893 1562 1035 1606 patere,
1063 1552 1113 1591 ad
1137 1566 1177 1591 se
1201 1553 1286 1604 pla-

153 1609 325 1648 candum
344 1617 382 1647 et
405 1609 627 1656 colendum,
657 1609 773 1647 viam.
814 1608 934 1656 Quod
958 1617 1090 1646 autem
1119 1619 1198 1645 non
1220 1608 1286 1656 ju-

154 1663 245 1711 dex,
271 1663 338 1701 sed
365 1663 474 1702 Deus
501 1664 597 1715 ipse,
625 1663 768 1702 vindex
787 1663 1058 1707 constituitur3
1088 1661 1286 1713 praesentis

155 1730 278 1769 poenae
313 1724 422 1756 metu
457 1718 591 1769 religio
628 1717 847 1756 confirmari
890 1717 1052 1755 videtur.
1111 1717 1288 1768 Suosque

157 1772 277 1819 Deos,
305 1780 372 1810 aut
401 1785 533 1821 novos,
561 1779 629 1811 aut
652 1772 885 1823 alienigenas
911 1771 997 1819 coli,
1025 1770 1289 1809 confusionem

156 1827 274 1866 habet
287 1827 533 1878 religionum,
553 1835 591 1865 et
601 1827 751 1878 ignotas
763 1825 1000 1865 caerimonias
1014 1825 1152 1865 nostris
1167 1838 1289 1864 sacer-

156 1881 339 1920 dotibus:
369 1894 462 1920 nam
494 1895 518 1920 a
549 1881 722 1933 patribus
751 1888 923 1933 acceptos
949 1880 1054 1919 Deos
1086 1881 1142 1919 ita
1165 1881 1292 1932 placet

157 1937 246 1983 0011,
267 1936 299 1974 51
316 1936 408 1974 huic
423 1936 501 1987 legi
519 1936 717 1988 paruerint
729 1936 814 1988 ipsi.
856 1936 1020 1974 Patrum
1034 1935 1195 1974 delubra
1210 1948 1290 1973 esse

157 1991 200 2029 in
219 1990 380 2029 urbibus
399 2003 556 2030 censeo:
592 2004 662 2030 nec
674 2004 812 2043 sequor
821 2004 957 2042 magos
972 1990 1194 2038 Persarum,
1204 1989 1292 2041 qui-

159 2047 234 2084 bus
252 2045 471 2084 auctoribus
496 2045 648 2084 Xerxes
672 2045 934 2084 inflammasse
958 2045 1105 2097 templa
1132 2044 1293 2082 Graeciae

156 2100 313 2146 dicimr,
348 2100 452 2152 quod
482 2100 692 2152 parietibus
723 2100 963 2139 includerent
996 2099 1116 2148 Deos,
1149 2099 1292 2152 quibus

159 2154 291 2193 omnia
308 2155 490 2194 deberent
513 2169 592 2195 oese
617 2155 789 2208 patentia
811 2169 856 2194 ac
884 2155 1019 2204 libera,
1047 2166 1293 2207 quorumque

156 2209 221 2250 hic
238 2209 414 2250 mundus
429 2210 557 2251 omnis
574 2210 768 2264 templum
787 2216 899 2261 esset,
918 2218 958 2250 et
974 2209 1126 2250 domus.
