1470 2402
218 45 297 87 DE
315 45 734 99 DIVINATIONE,
755 47 855 88 LIB-
878 46 936 88 11.
958 45 1063 88 CAP.
1080 49 1118 86 5.
1174 45 1227 92 67

112 152 438 209 philosophorum.
499 157 608 206 Quid
632 157 680 196 de
703 155 826 196 officio
840 159 858 196 ?
886 169 983 195 num
1007 155 1093 207 quis
1110 153 1230 193 haru-

114 209 256 261 spicem
274 212 450 261 consulit,
472 212 799 263 quemadmodum
819 212 866 250 sit
884 223 973 250 cum
991 209 1228 261 parentibus,

114 275 203 301 cum
220 263 412 313 fratribus,
434 278 522 304 cum
541 266 686 314 anneis,
711 265 949 304 vivendum?
979 263 1228 315 quemadmo-

113 316 208 355 dum
239 319 426 357 uoendum
458 321 651 371 pecunia?
691 318 1018 372 quemadmodum
1049 317 1192 355 honore
1207 319 1225 355 ¹?

112 371 438 421 quemadmodum
456 374 647 425 imperio?
675 374 744 412 Ad
763 374 948 425 sapientes
967 372 1063 419 haec,
1083 383 1159 408 non
1179 370 1229 408 ad

112 424 272 473 divinos,
300 426 430 465 referri
455 428 586 466 solent.
628 428 768 476 Quid?
797 442 883 479 quae
902 440 924 465 a
942 425 1143 464 dialecticis
1163 433 1231 464 aut

112 478 276 529 physicis
295 487 516 529 tractantur,
537 495 633 520 num
653 483 738 533 quis
758 495 888 520 eorum
908 481 1077 519 divinare
1091 486 1228 530 potest,

113 544 263 571 unusne
286 535 455 573 mundus
485 536 546 585 sit,
575 549 625 574 an
651 537 810 588 plures?
840 549 927 587 quae
952 535 1026 572 sint
1044 533 1154 571 initia
1171 546 1229 571 re-

112 598 215 635 rum,
246 600 293 626 ex
313 589 451 639 quibus
477 598 684 628 nascuntur
702 589 861 628 omnia?
901 588 1155 639 Physicorum
1175 594 1232 625 est

113 639 186 678 ista
209 641 421 692 prudentia.
464 643 555 692 Quo
573 644 702 692 modo,
734 651 800 681 aut
819 643 1080 689 mentientem,
1113 653 1230 692 quem

112 693 324 743 ψευδομενον
338 705 487 747 vocant,
509 698 719 737 dissolvas?
739 704 806 736 aut
825 695 1151 748 quemadmodum
1171 707 1232 732 so-

112 746 178 785 riti
195 748 340 787 resistas
355 752 372 789 ?
393 764 524 802 quem,
541 752 573 790 si
589 764 738 790 necesse
756 752 817 800 sit,
834 751 975 789 Latino
989 751 1104 788 verbo
1117 749 1231 788 liceat

113 804 326 840 acervalem
353 805 543 856 appellare
559 820 570 843 ε
601 806 666 843 sed
694 805 791 843 nihil
819 818 915 856 opus
945 810 1024 842 est:
1055 810 1099 841 ut
1126 802 1229 840 enim

113 853 197 906 ipsa
213 856 466 909 philosophia,
496 867 532 898 et
549 860 674 897 multa
691 861 806 898 verba
826 859 1063 905 Graecorum,
1094 856 1145 894 sic
1171 869 1230 895 so-

113 910 209 947 rites
227 910 315 949 satis
334 912 475 951 Latino
494 926 664 951 sermone
683 913 793 951 tritus
812 920 878 951 est.
908 912 1013 962 Ergo
1031 911 1114 949 haec
1133 924 1230 962 quo-

112 975 190 1014 que
207 964 391 1004 dialectici
409 967 547 1015 dicent,
576 980 654 1005 non
672 967 802 1004 divini.
844 966 983 1014 Quid?
1014 977 1102 1003 cum
1122 977 1228 1016 quae-

112 1016 223 1066 ritur,
253 1019 320 1070 qui
338 1019 386 1058 sit
404 1021 571 1072 optimus
589 1021 806 1073 reipublicae
831 1028 964 1067 statuS,
995 1032 1083 1070 quae
1111 1019 1228 1070 leges,

111 1071 181 1122 qui
204 1083 341 1122 mores,
370 1082 437 1112 aut
461 1076 573 1114 utiles
597 1082 665 1114 aut
688 1075 856 1123 inutiles,
885 1073 1151 1125 haruspicesne
1179 1086 1227 1111 ex

112 1123 271 1164 Etruria
290 1136 535 1178 arcessentur,
564 1142 613 1168 an
631 1129 819 1181 principes
837 1134 1019 1177 statuent,
1040 1134 1078 1166 et
1095 1126 1231 1166 delecti

114 1178 199 1227 viri,
219 1181 331 1231 periti
348 1196 475 1221 rerum
493 1184 663 1222 civilium
678 1186 696 1223 ἓ
912 1180 915 1183 ’

167 1233 286 1282 Quod
311 1236 342 1274 si
359 1249 428 1275 nec
447 1250 577 1276 earum
595 1251 738 1287 rerum,
758 1251 845 1289 quae
863 1237 1041 1287 subjectae
1060 1234 1231 1274 sensibus

113 1295 217 1336 sunt,
246 1289 327 1328 ulla
345 1290 526 1330 divinatio
545 1300 613 1342 est,
633 1305 702 1331 nec
721 1305 851 1330 earum
870 1305 957 1342 quae
975 1290 1120 1328 artibus
1139 1302 1230 1327 con·-

112 1341 295 1393 tinentur,
314 1356 383 1383 nec
402 1358 533 1384 earum
553 1360 639 1398 quae
656 1347 697 1384 in
715 1345 955 1398 philosophia
977 1344 1228 1391 disseruntur,

113 1407 184 1434 nec
202 1409 333 1436 earum
352 1412 439 1450 quae
460 1399 500 1437 in
523 1400 718 1452 republica
735 1408 957 1446 versantur;
987 1410 1153 1450 quarum
1171 1410 1231 1435 re-

112 1461 202 1487 rum
221 1450 283 1501 sit,
312 1452 409 1491 nihil
427 1466 580 1505 prorsus
597 1454 780 1505 intelligo.
825 1455 930 1492 Nam
960 1460 1027 1491 aut
1055 1451 1231 1491 omnium

114 1501 227 1542 debet
251 1518 342 1555 esse,
371 1515 439 1546 aut
464 1509 593 1560 aliqua
618 1509 652 1547 ei
675 1508 834 1546 materia
851 1507 977 1545 danda
995 1513 1063 1553 est,
1092 1505 1134 1543 in
1153 1505 1233 1556 qua

114 1558 254 1596 versari
270 1561 411 1612 possit:
433 1562 498 1600 sed
516 1575 584 1601 nec
601 1563 776 1601 omnium
795 1561 976 1600 divinatio
992 1568 1046 1598 est
1062 1562 1122 1603 (ut
1135 1558 1232 1597 ratio

115 1610 287 1660 docuit);
307 1626 375 1653 nec
393 1616 499 1654 loeus
517 1627 586 1655 nec
600 1616 758 1655 materia
776 1616 982 1663 invenitur,
1002 1614 1064 1653 cui
1082 1612 1231 1651 divina.-

115 1663 258 1704 tionem
271 1669 459 1718 praeficere
477 1671 677 1722 possimus.
720 1670 822 1709 Vide
840 1669 972 1721 igitur,
991 1680 1040 1706 ne
1058 1667 1166 1706 nulla
1185 1666 1233 1705 sit

113 1717 310 1759 divinatio.

133 1825 141 1834 ⁸
169 1772 220 1812 V.
257 1774 331 1814 Est
350 1776 507 1828 quidam
527 1777 684 1817 Graecus
702 1776 869 1829 vulgaris
893 1776 934 1815 in
955 1776 1055 1815 hanc
1082 1780 1232 1814 senten-

115 1833 208 1865 uam
228 1841 379 1868 versus:

169 1903 198 1925 ‘⁶
217 1902 326 1942 Bene
340 1904 612 1977 quifonjiciet,
627 1912 754 1945 vatem
771 1905 875 1944 hunc
898 1904 1106 1958 perhibebo
1131 1901 1232 1955 opti·

272 1969 395 1998 mum.

120 2044 233 2083 Num
257 2046 388 2098 igitur,
420 2055 486 2086 aut
518 2060 606 2100 quae
636 2054 838 2099 tempestas
867 2044 1099 2097 impendeat,
1122 2050 1236 2104 *vates

119 2100 258 2140 melius
279 2101 466 2152 conjiciet,
489 2115 608 2154 quam
632 2103 887 2153 gubernatorg
916 2106 983 2139 aut
1009 2100 1134 2137 morbi
1166 2109 1236 2135 na-

122 2159 249 2195 turam
275 2155 423 2196 acutius
451 2169 570 2209 quam
593 2155 778 2207 medicus,
797 2160 864 2196 aut
885 2153 978 2194 belli
995 2151 1235 2193 adminisna-
