1470 2402
288 107 367 146 DE
396 98 816 156 DIVINATIONE,
847 107 946 146 Lm.
968 107 1003 145 1.
1025 86 1130 145 cip.
1152 106 1192 144 3.
1275 106 1300 143 3

179 218 225 268 (q
226 217 267 254 ui
292 229 383 255 cum
409 217 455 255 P.
473 217 624 256 Rutilio
642 217 775 256 consul
793 215 901 264 fuit),
921 215 969 254 de
988 215 1137 254 senatuis
1157 221 1306 252 senten-

180 270 250 318 tia,
270 270 413 318 refecit,
433 284 482 310 ex
503 271 680 318 Caeciliae,
701 270 891 310 Balearici
910 269 1013 317 filiae,
1035 269 1195 308 somnio.

238 325 322 363 ΙΙΙ.
349 326 485 377 Atque
509 326 604 373 haec,
634 332 679 364 ut
698 338 767 376 ego
790 324 964 372 arbitror,
994 333 1149 370 veteres,
1177 334 1306 361 18111111

183 378 308 430 magis
333 379 476 418 eventis
498 380 649 428 moniti,
679 392 798 431 quam
816 378 960 417 ratione
979 377 1093 423 docti,
1122 378 1307 428 probave-

182 441 286 472 runt.
336 433 658 486 Philosophorum
677 447 765 472 vero
784 432 974 485 exquisita
999 431 1177 483 quaedam
1196 444 1310 481 argu-

189 494 334 535 menta,
370 501 438 526 8111·
467 496 562 527 85581
592 502 681 527 vera
711 487 908 534 divinatio,
945 487 1102 525 collecta
1131 494 1230 523 sunt.
1274 485 1311 524 E

187 541 344 593 quibus,
385 545 447 586 (ut
478 542 526 580 de
559 543 724 595 antiquis
727 543 832 581 simis
863 543 1016 594 loquar)
1051 538 1313 591 Colophonius

189 596 462 648 Xenophanes,
492 609 608 645 unus,
638 598 706 649 qui
736 597 840 635 Deos
873 609 951 635 esse
983 595 1136 641 diceret,
1167 594 1315 631 divina-

189 649 334 688 tionem
358 650 534 689 funditus
553 652 717 690 sustulit.
749 651 907 703 Reliqui
926 663 1013 688 vero
1032 662 1178 695 omnes,
1201 646 1314 699 (prae-

189 711 247 742 ter
264 705 495 756 Epicurum,
515 706 794 744 balbutientem
820 705 867 744 de
886 704 1024 743 natura
1044 704 1236 749 Deorum)
1257 702 1315 740 di-

189 759 424 798 vinationem
443 762 725 811 probaverunt,
714 775 724 784 ·
756 760 821 798 sed
840 772 918 798 non
936 772 1014 797 uno
1033 758 1160 796 modo.
1191 757 1314 803 Nam,

190 826 282 851 cum
313 814 499 861 Socrates,
529 827 737 866 omnesque
763 814 956 861 Socratici,
978 813 1175 865 Zenoque,
1207 818 1243 849 et
1272 811 1314 848 hi

191 868 261 919 qui
287 869 335 906 ab
362 881 406 907 eo
432 876 554 906 essent
578 869 751 920 profecti,
779 875 978 907 manerent
1002 867 1043 905 in
1068 867 1316 917 antiquorum

190 921 506 984 philosophorum
537 923 736 972 sententia,
768 931 893 961 vetere
922 921 1137 960 Academia
1168 927 1205 958 et
1240 919 1314 957 Ρ8-

191 976 396 1028 11Ρ31811815
424 977 770 1023 consentientibus;
801 990 968 1028 cumque
999 976 1090 1014 huic
1122 974 1177 1012 rei
1207 986 1317 1025 mag-

191 1042 285 1068 nam
313 1031 577 1069 auctoritatem
606 1032 845 1083 Pythagoras
874 1032 957 1080 jam
988 1038 1075 1067 ante
1108 1028 1315 1074 tribuisset,

194 1084 265 1136 qui
291 1085 406 1122 etiam
432 1085 513 1136 ipse
539 1099 662 1136 augur
687 1086 801 1123 vellet
821 1098 925 1130 esse;
955 1083 1209 1136 plurimisque
1228 1081 1320 1120 locis

193 1139 321 1189 gravis
340 1146 471 1177 auctor
490 1138 734 1178 Democritus
753 1138 1047 1190 praesensionem
1066 1150 1195 1175 rerum
1214 1136 1320 1174 futu-

196 1206 328 1231 rarum
354 1195 642 1244 comprobaret,
631 1207 640 1217 ·
673 1193 919 1232 Dicaearchus
949 1191 1224 1243 Peripateticus
1250 1204 1321 1229 cae-

197 1254 277 1286 tera
302 1247 544 1285 divinationis
571 1261 711 1299 genera
740 1247 918 1293 sustulit,
907 1261 917 1271 ·
949 1246 1186 1285 somniorum
1206 1252 1243 1284 et
1262 1245 1324 1283 fu-

197 1301 292 1340 roris
307 1301 485 1353 reliquit:
504 1301 801 1354 Cratippusque‚
819 1277 1016 1340 familiaris
1030 1309 1170 1349 noster,
1189 1302 1324 1352 (quem

200 1369 271 1407 ego
295 1369 428 1408 parem
448 1356 609 1395 summis
631 1356 890 1408 Peripateticis
907 1355 1054 1406 judico)
1081 1354 1217 1393 iisdem
1246 1352 1325 1403 [re-

201 1412 294 1463 bus]
323 1410 439 1450 fidem
464 1411 624 1458 tribuit3
654 1411 803 1463 reliqua
827 1409 1071 1449 divinationis
1099 1422 1239 1461 genera
1268 1421 1326 1447 re-

197 1464 302 1515 jecit.
387 1491 389 1494 -

255 1519 345 1568 Sed,
367 1533 456 1558 cum
475 1519 594 1558 Stoici
612 1520 742 1558 onmia
760 1519 837 1558 fere
855 1519 923 1560 illa
941 1517 1202 1580 defenderent,
1220 1517 1325 1570 quod

201 1582 242 1614 et
261 1548 366 1613 Zeno
391 1574 432 1612 in
458 1574 536 1613 suis
554 1574 836 1614 commentariis
855 1573 966 1630 quasi
984 1572 1130 1612 semina
1149 1572 1328 1625 quaedam

204 1629 414 1690 sparsisset,
444 1636 482 1667 et
508 1642 552 1667 ea
578 1629 784 1668 Cleanthes
809 1629 926 1690 paulo
955 1627 1132 1666 uberiora
1156 1627 1328 1666 fecisset·
1316 1654 1329 1672 ‚

205 1683 374 1733 accessit,
404 1683 587 1722 acerrimo
614 1684 671 1722 vir
695 1684 863 1735 ingenio,
894 1682 1147 1734 Chrysippus,
1177 1681 1246 1733 qui
1272 1689 1330 1719 to-

204 1745 288 1775 tam
312 1737 360 1776 de
384 1737 617 1776 divinatione
643 1738 793 1776 duobus
817 1737 925 1776 libris
952 1736 1156 1787 explicavit
1181 1742 1332 1774 senten-

205 1791 316 1840 tiam,
345 1804 423 1829 uno
452 1801 633 1843 praeterea
665 1792 712 1830 de
744 1792 920 1840 oraculis,
956 1803 1034 1828 uno
1067 1790 1114 1828 de
1147 1789 1329 1828 somniis:

208 1859 326 1898 quem
357 1847 603 1897 subsequens,
632 1859 756 1884 unum
787 1847 932 1885 librum
963 1844 1202 1896 Babylonius
1235 1843 1332 1885 Dio-

208 1912 322 1951 genes
342 1900 473 1947 edidit,
495 1901 576 1950 ejus
594 1900 769 1947 auditor,
800 1901 877 1938 duo
894 1899 1129 1961 Antipater}
1160 1898 1333 1960 quinque

208 1962 336 1993 noster
363 1929 602 1993 Posidonius.
634 1954 708 1993 Sed
733 1968 756 1993 3
785 1955 936 2003 Stoicis,
966 1954 1027 1992 181
1051 1953 1226 2005 princeps
1252 1953 1335 2002 ejus

210 2008 434 2061 disciplinae,
472 2009 669 2048 Posidonii
700 2008 842 2058 doctor,
879 2008 1088 2060 discipulus
1119 2005 1333 2058 Antipatri,

209 2063 454 2115 degeneravit
474 2064 693 2102 Panaetius·
724 2076 794 2102 nec
818 2072 948 2101 tamen
975 2076 1089 2101 ausus
1108 2069 1164 2101 est
1181 2073 1335 2112 negare,

213 2118 294 2156 vim
312 2131 391 2156 8558
410 2118 632 2164 divinandi3
664 2117 729 2156 sed
747 2118 956 2157 dubitare<
941 2119 980 2155 se
999 2116 1108 2155 (11511.
1143 2115 1262 2164 Quod
1280 2114 1338 2153 illi

210 2171 253 2209 in
271 2172 402 2223 aliqua
419 2186 473 2220 18,
502 2171 737 2211 invitissimis
752 2172 904 2219 Sto'i'cis,
925 2171 1053 2210 Sto'i'co
1071 2170 1193 2210 facere
1210 2169 1335 2215 licuit,

202 2225 253 2263 vid
278 2238 346 2264 nos
374 2234 420 2265 ut
444 2227 485 2265 in
512 2227 668 2278 reliquis
693 2228 808 2265 rebus
833 2225 1032 2273 faciamus,
1062 2239 1086 2263 a
1111 2224 1246 2265 Stoicis
1265 2235 1343 2262 non
