1470 2402
315 93 395 134 DE
423 73 686 145 ormffls,
715 93 815 134 ιη.
838 94 872 134 1.
902 94 1009 135 cn.
1029 95 1091 134 13.
1182 93 1262 132 213

142 209 220 242 tur.
251 202 361 243 Poeni
379 203 581 256 foedifragi,
601 204 764 244 crudelis
784 204 1006 249 Hannibah
1027 203 1165 254 reliqui
1180 203 1264 252 jus-

147 257 456 362 gpgthraPyrrhi
483 258 656 311 quidem,
684 259 732 298 de
763 259 921 311 captivis
952 257 1167 306 reddendis,
1198 256 1267 294 illa

202 389 232 409 “
252 386 294 424 N
296 400 337 426 ec
354 387 411 426 mi
431 401 570 426 aurum
584 401 711 440 posco,
726 401 798 428 nec
807 388 865 427 mi
879 387 1046 440 pretium
1060 385 1237 425 dederitis
1251 398 1263 430 ;

203 440 288 479 Nec
305 450 562 494 cauponantes
580 443 744 492 bellum,
764 443 830 482 sed
848 443 1129 494 belligerantes,

201 495 332 544 Ferro,
353 508 431 534 non
450 510 558 544 auro,
580 498 699 536 vitam
719 510 919 536 cernamus
938 496 1103 548 utrique.

202 548 333 588 Vosne
348 550 452 598 velit,
469 563 518 589 an
532 564 594 590 me
610 564 780 603 regnare,
797 552 888 590 hera
901 550 1042 603 quidve
1060 550 1156 588 ferat
1171 547 1261 595 fors,

203 603 360 642 virtute
378 605 632 656 experiamur.
663 606 717 644 Et
735 606 806 644 hoc
827 606 942 644 simul
957 605 1084 657 accipe
1097 603 1266 641 dictum:

202 656 384 705 Quorum
403 659 535 698 virtuti
554 661 645 698 belli
663 660 818 698 fortuna
835 659 1016 712 pepercit,

201 710 442 751 Eorumdem
461 727 524 752 me
541 714 710 759 libertati
728 727 881 766 parcere
900 721 1047 753 certum
1067 719 1134 750 est.

203 764 334 816 Dono,
343 767 483 816 ducite,
492 768 633 820 doque,
646 769 855 808 volentibu'
869 781 959 807 cum
972 766 1124 818 magnis
1140 764 1258 803 Diss'

204 853 332 893 XIII.
362 855 520 907 Regalis
534 870 638 903 sane,
656 865 693 897 et
710 858 829 908 digna
848 856 1099 899 AEacidarum
1121 866 1273 906 genere,

150 909 347 946 sententia.
380 910 517 959 Atque
536 911 668 957 etiam,
688 911 721 951 si
739 912 835 962 quid
853 911 1011 962 singuli,
1036 908 1275 960 temporibus

151 962 321 1008 adducti,
340 962 441 1000 hosti
459 963 717 1014 promiserint,
749 974 805 1002 est
830 965 871 1002 in
891 978 935 1002 eo
960 965 1043 1015 ipso
1067 963 1161 1003 fides
1184 974 1276 1002 oon-

151 1015 359 1055 servanda:
389 1023 449 1063 ut,
469 1016 594 1067 primo
615 1017 762 1054 Punico
785 1018 900 1063 bello,
924 1018 1116 1067 Regulus,
1141 1025 1277 1067 captus

151 1084 176 1109 a
194 1070 336 1117 Poenis,
354 1082 446 1108 cum
464 1070 512 1108 de
524 1070 684 1122 captivis
701 1070 986 1113 cmnmutandis
1001 1071 1171 1108 Romam
1185 1070 1277 1108 mis-

150 1138 215 1163 sus
231 1133 342 1172 esset,
358 1124 600 1176 jurassetque
618 1137 658 1162 se
676 1124 891 1170 rediturum
908 1138 920 1170 3
950 1124 1137 1176 primum,
1155 1132 1199 1162 ut
1213 1137 1276 1161 ve-

151 1178 223 1227 nit,
243 1179 411 1230 captivos
429 1178 641 1217 reddendos
659 1179 700 1216 in
719 1186 852 1217 senatu
873 1191 949 1217 non
965 1178 1137 1223 censum
1168 1177 1276 1216 dein-

149 1233 212 1278 de,
243 1246 334 1272 cum
363 1233 587 1271 retineretur
609 1246 633 1270 a
657 1233 883 1286 propinquis
911 1240 948 1271 et
975 1234 1025 1271 ab
1051 1232 1198 1279 amicis,
1226 1231 1276 1271 ad

151 1288 384 1339 supplicium
407 1287 529 1327 redire
554 1287 708 1336 maluit,
736 1300 856 1340 quam
882 1287 999 1329 fidem
1025 1286 1127 1325 hosti
1144 1285 1276 1325 datam

155 1341 297 1381 fallere.

208 1454 269 1496 ὓίὲ
288 1451 406 1497 (Quae
421 1450 486 1491 Ῐιΐε
503 1457 718 1503 sequuntur
737 1453 891 1492 Italicis
909 1453 1115 1493 literarum
1124 1450 1275 1502 formis

154 1519 348 1556 expressa,
370 1509 411 1544 in
427 1509 567 1558 paucis
587 1508 852 1546 tantummodo
871 1507 971 1547 MS.
992 1505 1275 1555 exemplaribus

155 1565 376 1610 comparent
392 1576 408 1606 ‚·
449 1567 486 1605 et
522 1575 546 1599 a
582 1564 811 1603 criticorum
842 1563 1039 1611 plerisque
1072 1559 1277 1610 repudiata

157 1619 263 1662 sunt,
285 1619 329 1652 ut
346 1616 567 1655 adulterim
586 1621 623 1655 et
642 1618 845 1664 insiticia.)

213 1720 411 1771 [Secundo
441 1729 572 1762 autem
597 1726 752 1763 Punico
784 1725 889 1768 bello,
916 1726 1007 1772 post
1035 1722 1278 1761 Cannensem

151 1789 348 1828 pugnam,
374 1790 467 1828 quos
492 1779 618 1816 decem
645 1779 851 1816 Hannibal
877 1779 1045 1815 Romam
1072 1776 1280 1813 adstrictos

158 1833 268 1869 misit
280 1833 543 1883 jurejurando
568 1845 606 1870 se
632 1833 826 1870 redituros
855 1843 947 1877 csse,
980 1832 1072 1876 nisi,
1104 1830 1149 1867 de
1176 1829 1280 1866 redi-

159 1886 308 1923 mendis
328 1887 377 1922 iis
396 1887 462 1935 qui
483 1888 587 1936 capti
605 1890 732 1933 erant,
751 1885 1021 1936 impetrassent
1035 1898 1050 1929 ‚·
1072 1895 1132 1921 eos
1150 1894 1280 1920 omnes

161 1952 348 1989 censores,
369 1941 494 1990 quoad
522 1942 682 1990 quisque
711 1952 845 1978 eorum
875 1940 993 1987 vixit,
1014 1939 1082 1989 qui
1107 1935 1285 1988 peffercis-

159 1998 257 2041 sent,
283 1995 324 2030 in
343 1996 503 2032 cerariis
521 1996 762 2045 reliquerunt
775 2009 791 2040 ‚·
820 2006 888 2032 nec
910 1994 1042 2031 minus
1067 1993 1194 2038 illum,
1215 1991 1284 2040 qui

148 2049 424 2099 jurisjurandi
438 2049 591 2100 fraude
617 2050 770 2098 culpam
795 2051 1009 2086 invenerat.
1041 2046 1144 2084 Cum
1163 2046 1283 2090 enim,

162 2102 402 2140 Hannibalis
414 2105 626 2153 permissu,
642 2101 782 2140 exisset
797 2104 842 2141 de
860 2102 1013 2147 castris,
1034 2101 1151 2137 rediit
1164 2099 1287 2148 paulo

154 2160 260 2206 post,
288 2158 388 2206 quod
417 2170 456 2195 se
481 2158 641 2194 oblitum
670 2158 795 2195 nescio
822 2157 916 2206 quid
940 2156 1094 2193 diceret.
1136 2152 1291 2196 Deinde

155 2218 334 2260 egressus
358 2223 379 2251 e
394 2213 559 2262 'castr-is,
569 2211 834 2263 jurejurando
853 2223 892 2250 se
910 2211 1081 2248 solutum
1091 2208 1258 2259 putabat
1274 2218 1288 2242 .-
