1470 2402
352 400 436 455 M.
464 400 746 455 TULLII
787 400 1216 456 CICERONIS

424 544 475 604 P
507 544 564 604 A
600 544 658 604 R
694 545 752 604 A
786 545 849 605 D
882 545 941 607 O
972 545 1033 607 X
1064 547 1140 619 A,

753 703 815 731 AD

552 812 636 864 M.
665 812 1015 867 BRUTUM.

693 982 876 1021 -ψ-

278 1111 314 1150 Ι.
335 1110 710 1160 ANIMADVERTI,
731 1111 869 1160 Brute,
890 1124 990 1163 saepe
1009 1110 1211 1160 Catonem,
1227 1123 1349 1149 avun-

223 1166 356 1205 culum
375 1174 503 1212 tuum,
520 1179 609 1204 cum
629 1166 668 1203 in
684 1174 817 1204 senatu
832 1165 1058 1204 sententiam
1073 1165 1225 1214 diceret,
1246 1166 1348 1204 locos

221 1233 356 1272 graves
386 1233 433 1258 ex
463 1220 705 1271 philosophia
731 1228 904 1267 tractare,
933 1219 1176 1258 abhorrentes
1201 1220 1250 1257 ab
1275 1219 1348 1258 hoc

222 1287 297 1312 usu
316 1274 456 1312 forensi
475 1282 511 1312 et
529 1274 709 1325 publico;
741 1273 807 1312 sed
826 1273 984 1312 dicendo
1003 1274 1183 1325 consequi
1202 1285 1346 1322 tamen,

221 1336 268 1367 ut
285 1328 353 1366 illa
371 1328 455 1366 etia
449 1341 487 1365 n
506 1328 650 1379 populo
669 1328 883 1379 probabilia
901 1327 1128 1366 viderentur.
1167 1327 1286 1375 Quod
1305 1340 1350 1366 eo

220 1383 349 1432 majus
374 1389 429 1420 est
447 1382 518 1429 illi,
539 1395 659 1433 quam
678 1390 745 1420 aut
764 1382 834 1420 tibi
853 1389 921 1420 aut
938 1382 1074 1427 nobis;
1105 1381 1197 1432 quia
1215 1394 1286 1420 nos
1304 1394 1351 1420 ea

220 1436 466 1498 philosophia
494 1436 582 1487 plus
612 1436 772 1483 utimur,
807 1450 894 1488 quae
926 1436 1073 1488 peperit
1102 1435 1253 1474 dicendi
1289 1448 1352 1474 co-

220 1491 341 1542 piam,
362 1499 400 1528 et
417 1490 458 1528 111
477 1504 568 1551 qua
574 1489 753 1529 dicuntur
779 1504 837 1537 ea,
866 1504 953 1542 quae
978 1503 1055 1528 non
1081 1490 1251 1528 multum
1275 1489 1352 1528 dis-

222 1551 380 1596 crepant
398 1546 448 1583 ob
466 1544 644 1608 opinione
663 1545 852 1596 populari.
883 1545 980 1583 Cato
999 1552 1143 1592 autem,
1163 1543 1352 1596 perfectus

222 1599 329 1644 (mea
354 1598 556 1645 sententiis)
585 1600 749 1646 stoicus,
777 1607 815 1637 et
839 1612 883 1637 ea
907 1599 1021 1637 sentit
1046 1613 1134 1651 quae
1159 1611 1236 1636 non
1262 1610 1353 1636 sane

221 1654 434 1705 probantur
458 1652 499 1690 in
527 1653 692 1704 vulgus;
723 1661 760 1691 et
784 1653 825 1691 in
852 1654 897 1692 eii
915 1661 972 1692 est
988 1653 1136 1700 haeresi,
1158 1666 1246 1705 quae
1262 1651 1352 1690 nul-

221 1709 308 1746 lum
334 1706 506 1758 sequitur
531 1707 662 1745 florem
694 1707 887 1756 orationis,
918 1720 1043 1759 neque
1072 1707 1208 1745 dilatat
1236 1720 1353 1758 argu-

221 1768 425 1801 mentum:
456 1761 616 1800 minutis
641 1761 1028 1812 interrogatiunculis,
1050 1761 1161 1813 quasi
1183 1761 1351 1813 punctis,

221 1814 327 1868 quod
340 1815 552 1866 proposuit,
574 1815 699 1854 efficit.
739 1815 816 1854 Sed
834 1815 932 1854 nihil
951 1823 1007 1854 εει
1021 1823 1101 1854 tam
1115 1814 1350 1864 incredibile,

221 1869 328 1922 quod
355 1882 433 1907 non
462 1869 623 1908 dicendo
648 1869 716 1908 fiat
743 1870 966 1921 probabi1e;
997 1869 1095 1909 nihil
1122 1877 1202 1907 tam
1228 1869 1352 1907 horri-

219 1925 331 1971 dum,
352 1929 433 1961 tam
458 1922 665 1971 incultum,
693 1923 797 1975 quod
816 1936 894 1962 non
913 1924 1150 1976 splendescat
1167 1923 1350 1970 oratione,

221 1986 259 2018 et
279 1986 479 2028 tamquam
499 1977 705 2016 excolatur.
749 1977 868 2025 Quod
887 1991 976 2016 cum
996 1978 1049 2016 ita
1067 1985 1258 2029 putarem,
1279 1977 1352 2015 feei

219 2033 337 2071 etiam
352 2031 547 2079 audacius,
564 2045 684 2083 quam
698 2031 764 2069 ille
778 2032 872 2083 ipse,
894 2031 942 2070 de
960 2045 1038 2084 quo
1055 2032 1204 2083 loquor.
1253 2030 1352 2070 Cato

217 2087 323 2125 enim
342 2084 531 2124 duntaxat
545 2085 592 2123 de
604 2085 871 2137 magnitudine
885 2086 1020 2133 animi,
1037 2085 1084 2124 de
1097 2085 1348 2134 continentia,

217 2140 267 2179 de
284 2146 424 2187 morte,
445 2139 493 2177 de
511 2139 618 2178 omni
636 2140 751 2178 laude
765 2140 930 2188 virtutis,
947 2140 994 2179 de
1014 2139 1101 2178 Diis
1119 2139 1349 2178 immortali-

214 2195 302 2244 bus,
330 2192 379 2233 de
397 2193 552 2233 caritate
574 2194 724 2247 patriae,
751 2194 879 2234 Sto'ice
903 2195 1014 2245 solet,
1041 2193 1212 2234 oratoriis
1237 2205 1351 2232 orna-
