1470 2402
263 426 346 478 M.
377 426 663 481 TULLII
707 430 1150 496 CICERONIS,

683 567 749 595 DE

383 662 1040 739 LEGIBUS,

448 797 632 837 LIBER
661 798 976 839 SECUNDUS.

639 959 773 987 —4—

164 1107 168 1111 ·
205 1095 240 1135 I.
269 1095 442 1135 Atticus.
471 1097 565 1136 SED
585 1096 706 1145 visne,
729 1097 914 1160 quoniam
935 1105 972 1137 et
991 1098 1081 1138 satis
1097 1099 1180 1149 jam
1200 1112 1286 1139 am-

148 1151 329 1190 bulatum
349 1159 419 1201 est,
441 1159 479 1190 et
497 1152 568 1190 tibi
587 1152 694 1190 aliud
713 1152 889 1191 dicendi
879 1153 1034 1192 mitium
1050 1155 1285 1194 sumendum

149 1213 220 1253 est,
249 1207 381 1246 locum
408 1214 621 1254 mutemus,
652 1214 690 1245 et
717 1207 757 1245 in
786 1207 928 1257 insula,
956 1222 1044 1260 quae
1073 1217 1129 1247 est
1149 1209 1189 1247 in
1218 1210 1286 1248 Fi-

147 1261 282 1310 breno,
315 1264 425 1306 (nam
456 1261 592 1314 opinor
623 1262 681 1299 illi
707 1262 817 1300 alteri
842 1262 995 1301 flumini
1020 1276 1161 1302 nomen
1188 1272 1286 1313 esse)

149 1316 316 1354 sermoni
335 1316 484 1368 reliquo
504 1315 641 1355 demus
660 1329 831 1368 operam,
854 1318 1056 1357 sedentes?
1098 1320 1283 1356 Marcus.

148 1370 250 1409 Sane
269 1371 452 1423 quidem:
484 1383 577 1409 nam
604 1371 671 1409 illo
696 1372 780 1410 loco
806 1372 1057 1411 libentissime
1083 1373 1185 1412 soleo
1210 1374 1283 1420 uti,

148 1425 227 1464 sive
255 1426 351 1477 quid
378 1439 534 1464 mecum
560 1426 642 1478 ipse
668 1427 809 1478 cogito,
839 1427 918 1466 sive
945 1428 1040 1479 quid
1066 1435 1134 1466 aut
1162 1428 1286 1467 scribo

149 1487 217 1518 aut
248 1480 347 1532 lego.
411 1481 584 1519 Attiou-‚e
624 1481 837 1533 Equidem,
873 1482 942 1533 qui
974 1495 1078 1520 nunc
1110 1483 1285 1534 primum

147 1533 226 1573 huc
244 1535 429 1583 venerim,
451 1535 580 1574 satiari
598 1547 677 1573 non
696 1549 816 1587 queo.
841 1537 1143 1588 magnificasque
1158 1538 1284 1587 villas,

148 1595 186 1626 et
205 1590 428 1641 pavimenta
445 1603 675 1637 marmorea,
694 1598 731 1628 et
745 1591 924 1643 laqueata
937 1599 1050 1639 tecta,
1067 1599 1282 1630 contemno.

147 1642 302 1683 Ductus
331 1658 421 1683 vero
447 1657 639 1696 aquarum
671 1647 785 1696 (quos
815 1645 877 1683 isti
906 1646 1020 1684 Nilos
1049 1653 1087 1684 et
1113 1645 1284 1698 Euripos

147 1706 301 1746 vocant)
321 1699 408 1751 quis
426 1711 519 1747 non,
539 1711 630 1738 cum
648 1699 731 1737 haec
749 1699 890 1748 videat,
907 1700 1095 1739 irriserit?
1127 1701 1281 1752 Itaque,

146 1759 192 1790 ut
209 1760 252 1791 tu
271 1754 388 1804 paulo
408 1761 510 1801 ante,
531 1753 578 1792 de
603 1753 688 1805 lege
713 1760 751 1792 et
773 1755 860 1804 jure
879 1754 1078 1803 disserens,
1100 1755 1150 1793 ad
1167 1762 1284 1793 natu-

146 1820 231 1846 ram
250 1807 438 1847 referebas
458 1808 614 1853 omnia;
643 1808 710 1856 sic,
730 1808 772 1846 in
790 1808 850 1847 his
869 1809 961 1861 ipsis
979 1811 1093 1847 rebus
1113 1823 1202 1861 quae
1232 1810 1282 1848 ad

146 1862 359 1914 requietem
390 1863 511 1901 animi
541 1863 910 1915 delectationemque
940 1871 1180 1916 quaeruntur,
1212 1876 1282 1902 na-

146 1923 234 1955 tura
250 1917 487 1956 dominatur.
529 1917 662 1964 Quare
687 1925 799 1956 antea
824 1918 1005 1966 mirabar,
1035 1919 1150 1962 (nihil
1176 1919 1280 1957 enim

145 1970 206 2009 his
224 1971 266 2010 in
284 1972 376 2010 locis
395 1972 469 2010 nisi
488 1985 581 2010 saxa
600 1978 637 2009 et
654 1979 814 2016 montes,
827 1973 1043 2024 cogitabam
1058 1987 1070 2020 ;
1099 1973 1218 2025 idque
1236 1981 1282 2012 ut

144 2025 326 2074 facerem,
355 2035 393 2066 et
417 2026 653 2066 orationibus
678 2026 887 2066 inducebar
912 2028 1004 2076 tuis,
1031 2035 1070 2066 et
1088 2027 1279 2079 versibus)

147 2080 214 2118 sed
230 2081 414 2130 mirabar,
430 2089 475 2119 ut
493 2081 591 2129 dixi,
612 2088 650 2119 te
664 2089 745 2119 tam
764 2082 876 2120 valde
893 2082 1063 2121 hocloco
1077 2082 1278 2121 delectari:

147 2146 251 2174 nunc
264 2143 397 2175 contra
410 2136 543 2184 miror,
564 2144 617 2182 te,
638 2149 728 2174 cum
744 2136 876 2176 Roma
890 2138 1005 2186 absis,
1025 2149 1192 2189 usquam
1209 2149 1282 2188 po-

146 2188 224 2228 tius
239 2203 333 2230 esse.
391 2192 574 2230 Marcus.
602 2191 692 2242 Ego
712 2203 815 2241 vero,
835 2204 926 2231 cum
944 2192 1033 2231 licet
1051 2192 1182 2244 plures
1199 2191 1281 2230 dies
