<?xml version="1.0" encoding="UTF-8"?>
<!DOCTYPE html PUBLIC "-//W3C//DTD XHTML 1.0 Transitional//EN"
    "http://www.w3.org/TR/xhtml1/DTD/xhtml1-transitional.dtd">
<html xmlns="http://www.w3.org/1999/xhtml" xml:lang="en" lang="en">
 <head>
  <title>
</title>
<meta http-equiv="Content-Type" content="text/html;charset=utf-8" />
  <meta name='ocr-system' content='tesseract 3.04.00' />
  <meta name='ocr-capabilities' content='ocr_page ocr_carea ocr_par ocr_line ocrx_word'/>
</head>
<body>
  <div class='ocr_page' id='page_1' title='image "./operaern04ciceuoft_0324.png"; bbox 0 0 1470 2402; ppageno 0'>
   <div class='ocr_carea' id='block_1_1' title="bbox 148 71 1128 125">
    <p class='ocr_par' dir='ltr' id='par_1_1' title="bbox 148 71 1128 125">
     <span class='ocr_line' id='line_1_1' title="bbox 148 71 1128 125; baseline 0.003 -16"><span class='ocrx_word' id='word_1_1' title='bbox 148 71 231 110; x_wconf 85' lang='lat'>310</span> <span class='ocrx_word' id='word_1_2' title='bbox 297 71 376 111; x_wconf 91' lang='lat' dir='ltr'>DE</span> <span class='ocrx_word' id='word_1_3' title='bbox 406 72 670 125; x_wconf 89' lang='lat' dir='ltr'>OFFICIIS,</span> <span class='ocrx_word' id='word_1_4' title='bbox 700 73 802 112; x_wconf 80' lang='lat' dir='ltr'>Lm.</span> <span class='ocrx_word' id='word_1_5' title='bbox 822 72 906 113; x_wconf 87' lang='lat'>111.</span> <span class='ocrx_word' id='word_1_6' title='bbox 936 73 1042 113; x_wconf 72' lang='lat' dir='ltr'>CAP.</span> <span class='ocrx_word' id='word_1_7' title='bbox 1066 72 1128 112; x_wconf 69' lang='grc'>15-</span> 
     </span>
    </p>
   </div>
   <div class='ocr_carea' id='block_1_2' title="bbox 148 179 1285 2246">
    <p class='ocr_par' dir='ltr' id='par_1_2' title="bbox 148 179 1278 670">
     <span class='ocr_line' id='line_1_2' title="bbox 148 179 1278 234; baseline 0.003 -17"><span class='ocrx_word' id='word_1_8' title='bbox 148 179 246 218; x_wconf 90' lang='lat' dir='ltr'>dum</span> <span class='ocrx_word' id='word_1_9' title='bbox 266 181 370 220; x_wconf 83' lang='lat' dir='ltr'>enim</span> <span class='ocrx_word' id='word_1_10' title='bbox 387 182 603 234; x_wconf 82' lang='lat' dir='ltr'>Aquillius,</span> <span class='ocrx_word' id='word_1_11' title='bbox 625 183 772 234; x_wconf 86' lang='lat' dir='ltr'>collega</span> <span class='ocrx_word' id='word_1_12' title='bbox 786 190 824 221; x_wconf 88' lang='lat' dir='ltr'>et</span> <span class='ocrx_word' id='word_1_13' title='bbox 837 181 1037 220; x_wconf 76' lang='lat' dir='ltr'>familiaris</span> <span class='ocrx_word' id='word_1_14' title='bbox 1049 194 1174 230; x_wconf 86' lang='lat' dir='ltr'>meus,</span> <span class='ocrx_word' id='word_1_15' title='bbox 1188 193 1278 233; x_wconf 75' lang='lat' dir='ltr'>pm-</span> 
     </span>
     <span class='ocr_line' id='line_1_3' title="bbox 149 235 1277 288; baseline 0.004 -16"><span class='ocrx_word' id='word_1_16' title='bbox 149 235 291 273; x_wconf 85' lang='lat' dir='ltr'>tulerat</span> <span class='ocrx_word' id='word_1_17' title='bbox 309 236 356 274; x_wconf 88' lang='lat' dir='ltr'>de</span> <span class='ocrx_word' id='word_1_18' title='bbox 375 236 463 275; x_wconf 84' lang='lat' dir='ltr'>dolo</span> <span class='ocrx_word' id='word_1_19' title='bbox 482 238 586 276; x_wconf 86' lang='lat' dir='ltr'>malo</span> <span class='ocrx_word' id='word_1_20' title='bbox 605 237 814 276; x_wconf 80' lang='lat' dir='ltr'>formulas:</span> <span class='ocrx_word' id='word_1_21' title='bbox 845 236 887 274; x_wconf 89' lang='lat' dir='ltr'>in</span> <span class='ocrx_word' id='word_1_22' title='bbox 905 236 1047 288; x_wconf 89' lang='lat' dir='ltr'>quibus</span> <span class='ocrx_word' id='word_1_23' title='bbox 1071 235 1164 288; x_wconf 83' lang='lat' dir='ltr'>ipsis</span> <span class='ocrx_word' id='word_1_24' title='bbox 1185 248 1277 276; x_wconf 83' lang='lat' dir='ltr'>cum</span> 
     </span>
     <span class='ocr_line' id='line_1_4' title="bbox 150 291 1277 342; baseline 0.002 -16"><span class='ocrx_word' id='word_1_25' title='bbox 150 301 199 327; x_wconf 85' lang='lat' dir='ltr'>ex</span> <span class='ocrx_word' id='word_1_26' title='bbox 219 302 262 327; x_wconf 91' lang='lat' dir='ltr'>eo</span> <span class='ocrx_word' id='word_1_27' title='bbox 282 299 528 341; x_wconf 86' lang='lat' dir='ltr'>quaereretur,</span> <span class='ocrx_word' id='word_1_28' title='bbox 550 292 658 340; x_wconf 89' lang='lat' dir='ltr'>Quid</span> <span class='ocrx_word' id='word_1_29' title='bbox 685 299 781 331; x_wconf 88' lang='lat' dir='ltr'>esset</span> <span class='ocrx_word' id='word_1_30' title='bbox 805 291 917 330; x_wconf 86' lang='lat' dir='ltr'>dolus</span> <span class='ocrx_word' id='word_1_31' title='bbox 939 291 1093 337; x_wconf 85' lang='lat' dir='ltr'>malus;</span> <span class='ocrx_word' id='word_1_32' title='bbox 1121 302 1277 342; x_wconf 76' lang='lat' dir='ltr'>respon-</span> 
     </span>
     <span class='ocr_line' id='line_1_5' title="bbox 149 341 1275 393; baseline 0.003 -14"><span class='ocrx_word' id='word_1_33' title='bbox 149 341 278 392; x_wconf 84' lang='lat' dir='ltr'>debat,</span> <span class='ocrx_word' id='word_1_34' title='bbox 314 345 417 384; x_wconf 90' lang='lat' dir='ltr'>Cum</span> <span class='ocrx_word' id='word_1_35' title='bbox 450 354 547 384; x_wconf 90' lang='lat' dir='ltr'>esset</span> <span class='ocrx_word' id='word_1_36' title='bbox 578 347 685 384; x_wconf 86' lang='lat' dir='ltr'>aliud</span> <span class='ocrx_word' id='word_1_37' title='bbox 718 346 960 393; x_wconf 83' lang='lat' dir='ltr'>simulatum,</span> <span class='ocrx_word' id='word_1_38' title='bbox 993 344 1102 384; x_wconf 84' lang='lat' dir='ltr'>aliud</span> <span class='ocrx_word' id='word_1_39' title='bbox 1133 352 1275 383; x_wconf 85' lang='lat' dir='ltr'>actum.</span> 
     </span>
     <span class='ocr_line' id='line_1_6' title="bbox 152 396 1278 450; baseline 0.003 -15"><span class='ocrx_word' id='word_1_40' title='bbox 152 396 242 436; x_wconf 83' lang='lat' dir='ltr'>Hoc</span> <span class='ocrx_word' id='word_1_41' title='bbox 269 399 427 450; x_wconf 89' lang='lat' dir='ltr'>quidem</span> <span class='ocrx_word' id='word_1_42' title='bbox 453 413 543 439; x_wconf 85' lang='lat' dir='ltr'>sane</span> <span class='ocrx_word' id='word_1_43' title='bbox 565 401 794 449; x_wconf 85' lang='lat' dir='ltr'><strong>luculenter,</strong></span> <span class='ocrx_word' id='word_1_44' title='bbox 823 408 868 438; x_wconf 92' lang='lat' dir='ltr'>ut</span> <span class='ocrx_word' id='word_1_45' title='bbox 895 401 944 438; x_wconf 90' lang='lat' dir='ltr'>ab</span> <span class='ocrx_word' id='word_1_46' title='bbox 971 399 1129 439; x_wconf 89' lang='lat' dir='ltr'>homine</span> <span class='ocrx_word' id='word_1_47' title='bbox 1155 398 1278 450; x_wconf 84' lang='lat' dir='ltr'>perito</span> 
     </span>
     <span class='ocr_line' id='line_1_7' title="bbox 150 451 1276 506; baseline 0.002 -17"><span class='ocrx_word' id='word_1_48' title='bbox 150 451 370 491; x_wconf 77' lang='lat' dir='ltr'>definiendi.</span> <span class='ocrx_word' id='word_1_49' title='bbox 400 454 507 506; x_wconf 89' lang='lat' dir='ltr'>Ergo</span> <span class='ocrx_word' id='word_1_50' title='bbox 527 463 564 493; x_wconf 90' lang='lat' dir='ltr'>et</span> <span class='ocrx_word' id='word_1_51' title='bbox 584 455 764 506; x_wconf 84' lang='lat' dir='ltr'>Pythius,</span> <span class='ocrx_word' id='word_1_52' title='bbox 785 462 823 493; x_wconf 88' lang='lat' dir='ltr'>et</span> <span class='ocrx_word' id='word_1_53' title='bbox 840 467 972 493; x_wconf 88' lang='lat' dir='ltr'>omnes</span> <span class='ocrx_word' id='word_1_54' title='bbox 986 453 1093 493; x_wconf 82' lang='lat' dir='ltr'>aliud</span> <span class='ocrx_word' id='word_1_55' title='bbox 1107 459 1276 505; x_wconf 70' lang='lat' dir='ltr'>agentoe,</span> 
     </span>
     <span class='ocr_line' id='line_1_8' title="bbox 150 506 1277 561; baseline 0.002 -17"><span class='ocrx_word' id='word_1_56' title='bbox 150 506 259 544; x_wconf 82' lang='lat' dir='ltr'>aliud</span> <span class='ocrx_word' id='word_1_57' title='bbox 289 507 527 556; x_wconf 83' lang='lat' dir='ltr'>simulantes,</span> <span class='ocrx_word' id='word_1_58' title='bbox 562 509 712 561; x_wconf 88' lang='lat' dir='ltr'>perfidi,</span> <span class='ocrx_word' id='word_1_59' title='bbox 746 509 926 561; x_wconf 90' lang='lat' dir='ltr'>improbi,</span> <span class='ocrx_word' id='word_1_60' title='bbox 960 507 1142 547; x_wconf 82' lang='lat' dir='ltr'>malitiosi</span> <span class='ocrx_word' id='word_1_61' title='bbox 1174 513 1277 547; x_wconf 82' lang='lat' dir='ltr'>sunt.</span> 
     </span>
     <span class='ocr_line' id='line_1_9' title="bbox 151 560 1278 621; baseline 0.003 -22"><span class='ocrx_word' id='word_1_62' title='bbox 151 560 323 621; x_wconf 55' lang='lat' dir='ltr'>Nullum</span> <span class='ocrx_word' id='word_1_63' title='bbox 343 563 461 614; x_wconf 84' lang='lat' dir='ltr'>igitur</span> <span class='ocrx_word' id='word_1_64' title='bbox 478 563 626 603; x_wconf 89' lang='lat' dir='ltr'>factum</span> <span class='ocrx_word' id='word_1_65' title='bbox 649 577 783 603; x_wconf 91' lang='lat' dir='ltr'>eorum</span> <span class='ocrx_word' id='word_1_66' title='bbox 806 571 932 615; x_wconf 61' lang='lat' dir='ltr'>potest</span> <span class='ocrx_word' id='word_1_67' title='bbox 953 563 1050 602; x_wconf 84' lang='lat' dir='ltr'>utile</span> <span class='ocrx_word' id='word_1_68' title='bbox 1073 575 1170 612; x_wconf 82' lang='lat' dir='ltr'>esse,</span> <span class='ocrx_word' id='word_1_69' title='bbox 1187 574 1278 602; x_wconf 80' lang='lat' dir='ltr'>cum</span> 
     </span>
     <span class='ocr_line' id='line_1_10' title="bbox 151 617 674 670; baseline 0.004 -15"><span class='ocrx_word' id='word_1_70' title='bbox 151 622 200 655; x_wconf 76' lang='lat' dir='ltr'>sit</span> <span class='ocrx_word' id='word_1_71' title='bbox 219 622 275 654; x_wconf 89' lang='lat' dir='ltr'>tot</span> <span class='ocrx_word' id='word_1_72' title='bbox 295 617 395 655; x_wconf 89' lang='lat' dir='ltr'>vitiis</span> <span class='ocrx_word' id='word_1_73' title='bbox 414 617 674 670; x_wconf 89' lang='lat' dir='ltr'>inquinatum.</span> 
     </span>
    </p>

    <p class='ocr_par' dir='ltr' id='par_1_3' title="bbox 149 668 1285 2246">
     <span class='ocr_line' id='line_1_11' title="bbox 206 668 1280 725; baseline 0.005 -18"><span class='ocrx_word' id='word_1_74' title='bbox 206 668 302 708; x_wconf 88' lang='lat' dir='ltr'>XV.</span> <span class='ocrx_word' id='word_1_75' title='bbox 349 671 468 720; x_wconf 83' lang='lat' dir='ltr'>Quod</span> <span class='ocrx_word' id='word_1_76' title='bbox 497 673 528 711; x_wconf 89' lang='lat' dir='ltr'>si</span> <span class='ocrx_word' id='word_1_77' title='bbox 555 673 786 725; x_wconf 86' lang='lat' dir='ltr'>Aquilliana</span> <span class='ocrx_word' id='word_1_78' title='bbox 812 672 982 711; x_wconf 84' lang='lat' dir='ltr'>definitio</span> <span class='ocrx_word' id='word_1_79' title='bbox 1010 685 1099 711; x_wconf 79' lang='lat' dir='ltr'>vera</span> <span class='ocrx_word' id='word_1_80' title='bbox 1126 678 1197 720; x_wconf 76' lang='lat' dir='ltr'>est,</span> <span class='ocrx_word' id='word_1_81' title='bbox 1231 683 1280 712; x_wconf 79' lang='lat' dir='ltr'>ex</span> 
     </span>
     <span class='ocr_line' id='line_1_12' title="bbox 149 724 1279 780; baseline 0.004 -19"><span class='ocrx_word' id='word_1_82' title='bbox 149 724 258 762; x_wconf 89' lang='lat' dir='ltr'>omni</span> <span class='ocrx_word' id='word_1_83' title='bbox 290 725 370 764; x_wconf 69' lang='lat' dir='ltr'>vita</span> <span class='ocrx_word' id='word_1_84' title='bbox 408 727 603 766; x_wconf 83' lang='lat' dir='ltr'>simulatio</span> <span class='ocrx_word' id='word_1_85' title='bbox 639 728 969 780; x_wconf 86' lang='lat' dir='ltr'>dissimulatioque</span> <span class='ocrx_word' id='word_1_86' title='bbox 1005 726 1175 766; x_wconf 78' lang='lat' dir='ltr'>tollenda</span> <span class='ocrx_word' id='word_1_87' title='bbox 1211 733 1279 766; x_wconf 58' lang='grc' dir='ltr'>ω*-</span> 
     </span>
     <span class='ocr_line' id='line_1_13' title="bbox 153 778 1283 833; baseline 0.003 -17"><span class='ocrx_word' id='word_1_88' title='bbox 153 778 217 816; x_wconf 82' lang='lat' dir='ltr'>Ita</span> <span class='ocrx_word' id='word_1_89' title='bbox 235 791 318 826; x_wconf 86' lang='lat' dir='ltr'>nec,</span> <span class='ocrx_word' id='word_1_90' title='bbox 339 788 384 818; x_wconf 93' lang='lat' dir='ltr'>ut</span> <span class='ocrx_word' id='word_1_91' title='bbox 410 790 512 820; x_wconf 84' lang='lat' dir='ltr'>emat</span> <span class='ocrx_word' id='word_1_92' title='bbox 539 782 691 829; x_wconf 83' lang='lat' dir='ltr'>melius,</span> <span class='ocrx_word' id='word_1_93' title='bbox 712 795 796 831; x_wconf 88' lang='lat' dir='ltr'>nec,</span> <span class='ocrx_word' id='word_1_94' title='bbox 823 789 868 820; x_wconf 89' lang='lat' dir='ltr'>ut</span> <span class='ocrx_word' id='word_1_95' title='bbox 893 781 1046 828; x_wconf 76' lang='lat' dir='ltr'>vendat,</span> <span class='ocrx_word' id='word_1_96' title='bbox 1066 779 1283 833; x_wconf 72' lang='lat' dir='ltr'>quidquam</span> 
     </span>
     <span class='ocr_line' id='line_1_14' title="bbox 151 832 1282 888; baseline 0.004 -19"><span class='ocrx_word' id='word_1_97' title='bbox 151 832 350 873; x_wconf 80' lang='lat' dir='ltr'>simulabit</span> <span class='ocrx_word' id='word_1_98' title='bbox 368 844 436 874; x_wconf 88' lang='lat' dir='ltr'>aut</span> <span class='ocrx_word' id='word_1_99' title='bbox 455 836 712 876; x_wconf 81' lang='lat' dir='ltr'>dissimulabit</span> <span class='ocrx_word' id='word_1_100' title='bbox 730 838 787 876; x_wconf 86' lang='lat' dir='ltr'>vir</span> <span class='ocrx_word' id='word_1_101' title='bbox 805 838 941 875; x_wconf 91' lang='lat' dir='ltr'>bonus.</span> <span class='ocrx_word' id='word_1_102' title='bbox 971 836 1107 888; x_wconf 81' lang='lat' dir='ltr'>Atque</span> <span class='ocrx_word' id='word_1_103' title='bbox 1125 835 1196 874; x_wconf 84' lang='lat' dir='ltr'>iste</span> <span class='ocrx_word' id='word_1_104' title='bbox 1213 834 1282 873; x_wconf 84' lang='lat' dir='ltr'>do-</span> 
     </span>
     <span class='ocr_line' id='line_1_15' title="bbox 152 886 1283 943; baseline 0.003 -19"><span class='ocrx_word' id='word_1_105' title='bbox 152 886 216 925; x_wconf 91' lang='lat' dir='ltr'>lus</span> <span class='ocrx_word' id='word_1_106' title='bbox 243 889 371 928; x_wconf 84' lang='lat' dir='ltr'>malus</span> <span class='ocrx_word' id='word_1_107' title='bbox 398 891 514 929; x_wconf 81' lang='lat' dir='ltr'>etiam</span> <span class='ocrx_word' id='word_1_108' title='bbox 542 891 692 943; x_wconf 87' lang='lat' dir='ltr'>legibus</span> <span class='ocrx_word' id='word_1_109' title='bbox 719 899 799 930; x_wconf 90' lang='lat' dir='ltr'>erat</span> <span class='ocrx_word' id='word_1_110' title='bbox 832 891 1060 938; x_wconf 83' lang='lat' dir='ltr'>vindicatus,</span> <span class='ocrx_word' id='word_1_111' title='bbox 1088 896 1133 928; x_wconf 87' lang='lat' dir='ltr'>ut</span> <span class='ocrx_word' id='word_1_112' title='bbox 1162 889 1283 928; x_wconf 79' lang='lat' dir='ltr'>tutela</span> 
     </span>
     <span class='ocr_line' id='line_1_16' title="bbox 154 940 1284 998; baseline 0.003 -19"><span class='ocrx_word' id='word_1_113' title='bbox 154 940 245 980; x_wconf 94' lang='lat' dir='ltr'>XII</span> <span class='ocrx_word' id='word_1_114' title='bbox 279 944 435 992; x_wconf 82' lang='lat' dir='ltr'>tabulis,</span> <span class='ocrx_word' id='word_1_115' title='bbox 467 953 504 984; x_wconf 89' lang='lat' dir='ltr'>et</span> <span class='ocrx_word' id='word_1_116' title='bbox 537 946 837 998; x_wconf 89' lang='lat' dir='ltr'>circumscriptio</span> <span class='ocrx_word' id='word_1_117' title='bbox 869 944 1166 984; x_wconf 79' lang='lat' dir='ltr'>adolescentium</span> <span class='ocrx_word' id='word_1_118' title='bbox 1198 943 1284 995; x_wconf 83' lang='lat' dir='ltr'>lege</span> 
     </span>
     <span class='ocr_line' id='line_1_17' title="bbox 155 995 1282 1052; baseline 0.004 -19"><span class='ocrx_word' id='word_1_119' title='bbox 155 995 350 1043; x_wconf 67' lang='lat' dir='ltr'>Laetori323</span> <span class='ocrx_word' id='word_1_120' title='bbox 382 1007 434 1048; x_wconf 85' lang='lat' dir='ltr'>et,</span> <span class='ocrx_word' id='word_1_121' title='bbox 459 1000 540 1039; x_wconf 90' lang='lat' dir='ltr'>sine</span> <span class='ocrx_word' id='word_1_122' title='bbox 563 1001 662 1052; x_wconf 77' lang='lat' dir='ltr'>lege,</span> <span class='ocrx_word' id='word_1_123' title='bbox 686 1001 855 1051; x_wconf 88' lang='lat' dir='ltr'>judiciis,</span> <span class='ocrx_word' id='word_1_124' title='bbox 881 1000 922 1038; x_wconf 91' lang='lat' dir='ltr'>in</span> <span class='ocrx_word' id='word_1_125' title='bbox 947 1000 1089 1052; x_wconf 89' lang='lat' dir='ltr'>quibus</span> <span class='ocrx_word' id='word_1_126' title='bbox 1113 998 1282 1046; x_wconf 84' lang='lat' dir='ltr'>additur,</span> 
     </span>
     <span class='ocr_line' id='line_1_18' title="bbox 157 1052 1282 1108; baseline 0.003 -20"><span class='ocrx_word' id='word_1_127' title='bbox 157 1052 187 1073; x_wconf 70' lang='lat'>‘⁴</span> <span class='ocrx_word' id='word_1_128' title='bbox 209 1064 256 1089; x_wconf 76' lang='lat' dir='ltr'>ex</span> <span class='ocrx_word' id='word_1_129' title='bbox 289 1052 365 1091; x_wconf 88' lang='lat' dir='ltr'>fide</span> <span class='ocrx_word' id='word_1_130' title='bbox 398 1053 540 1094; x_wconf 54' lang='lat' dir='ltr'>bomil’</span> <span class='ocrx_word' id='word_1_131' title='bbox 592 1056 851 1108; x_wconf 88' lang='lat' dir='ltr'>Reliquorum</span> <span class='ocrx_word' id='word_1_132' title='bbox 883 1062 1015 1093; x_wconf 87' lang='lat' dir='ltr'>autem</span> <span class='ocrx_word' id='word_1_133' title='bbox 1047 1053 1282 1104; x_wconf 85' lang='lat' dir='ltr'>judiciorum</span> 
     </span>
     <span class='ocr_line' id='line_1_19' title="bbox 153 1103 1281 1156; baseline 0.002 -13"><span class='ocrx_word' id='word_1_134' title='bbox 153 1103 236 1143; x_wconf 86' lang='lat' dir='ltr'>haec</span> <span class='ocrx_word' id='word_1_135' title='bbox 256 1108 371 1145; x_wconf 85' lang='lat' dir='ltr'>verba</span> <span class='ocrx_word' id='word_1_136' title='bbox 389 1110 560 1148; x_wconf 84' lang='lat' dir='ltr'>maxime</span> <span class='ocrx_word' id='word_1_137' title='bbox 579 1110 799 1156; x_wconf 81' lang='lat' dir='ltr'>excellunt3</span> <span class='ocrx_word' id='word_1_138' title='bbox 824 1110 865 1148; x_wconf 90' lang='lat' dir='ltr'>in</span> <span class='ocrx_word' id='word_1_139' title='bbox 879 1109 1035 1148; x_wconf 88' lang='lat' dir='ltr'>arbitrio</span> <span class='ocrx_word' id='word_1_140' title='bbox 1049 1108 1104 1146; x_wconf 89' lang='lat' dir='ltr'>rei</span> <span class='ocrx_word' id='word_1_141' title='bbox 1121 1107 1281 1156; x_wconf 82' lang='lat' dir='ltr'>uxoriae,</span> 
     </span>
     <span class='ocr_line' id='line_1_20' title="bbox 154 1159 1283 1214; baseline 0.003 -17"><span class='ocrx_word' id='word_1_142' title='bbox 154 1159 183 1180; x_wconf 75' lang='lat'>‘⁶</span> <span class='ocrx_word' id='word_1_143' title='bbox 197 1161 351 1208; x_wconf 84' lang='lat' dir='ltr'>melius,</span> <span class='ocrx_word' id='word_1_144' title='bbox 373 1163 520 1214; x_wconf 87' lang='lat' dir='ltr'>aequius</span> <span class='ocrx_word' id='word_1_145' title='bbox 536 1165 576 1202; x_wconf 87' lang='lat'>:&#39;&#39;</span> <span class='ocrx_word' id='word_1_146' title='bbox 601 1164 641 1203; x_wconf 94' lang='lat' dir='ltr'>in</span> <span class='ocrx_word' id='word_1_147' title='bbox 661 1165 817 1213; x_wconf 56' lang='lat' dir='ltr'>fiducia,</span> <span class='ocrx_word' id='word_1_148' title='bbox 840 1168 867 1187; x_wconf 84' lang='lat'>“</span> <span class='ocrx_word' id='word_1_149' title='bbox 881 1172 926 1202; x_wconf 89' lang='lat' dir='ltr'>ut</span> <span class='ocrx_word' id='word_1_150' title='bbox 939 1164 1039 1202; x_wconf 84' lang='lat' dir='ltr'>inter</span> <span class='ocrx_word' id='word_1_151' title='bbox 1052 1164 1172 1201; x_wconf 89' lang='lat' dir='ltr'>bonos</span> <span class='ocrx_word' id='word_1_152' title='bbox 1185 1163 1283 1200; x_wconf 89' lang='lat' dir='ltr'>bene</span> 
     </span>
     <span class='ocr_line' id='line_1_21' title="bbox 150 1214 1281 1271; baseline 0.004 -20"><span class='ocrx_word' id='word_1_153' title='bbox 150 1214 296 1265; x_wconf 86' lang='lat' dir='ltr'>agier.&#39;’</span> <span class='ocrx_word' id='word_1_154' title='bbox 311 1216 421 1263; x_wconf 84' lang='lat' dir='ltr'>Quid</span> <span class='ocrx_word' id='word_1_155' title='bbox 433 1219 546 1269; x_wconf 84' lang='lat' dir='ltr'>ergo?</span> <span class='ocrx_word' id='word_1_156' title='bbox 559 1219 677 1257; x_wconf 92' lang='lat' dir='ltr'>autin</span> <span class='ocrx_word' id='word_1_157' title='bbox 693 1233 751 1268; x_wconf 88' lang='lat' dir='ltr'>eo,</span> <span class='ocrx_word' id='word_1_158' title='bbox 765 1219 870 1271; x_wconf 86' lang='lat' dir='ltr'>quod</span> <span class='ocrx_word' id='word_1_159' title='bbox 883 1218 1074 1265; x_wconf 68' lang='lat' dir='ltr'>“melius,</span> <span class='ocrx_word' id='word_1_160' title='bbox 1088 1216 1281 1268; x_wconf 88' lang='lat' dir='ltr'>aequius‚’&#39;</span> 
     </span>
     <span class='ocr_line' id='line_1_22' title="bbox 150 1271 1280 1323; baseline 0.003 -17"><span class='ocrx_word' id='word_1_161' title='bbox 150 1276 276 1319; x_wconf 88' lang='lat' dir='ltr'>potest</span> <span class='ocrx_word' id='word_1_162' title='bbox 302 1271 384 1309; x_wconf 85' lang='lat' dir='ltr'>ulla</span> <span class='ocrx_word' id='word_1_163' title='bbox 411 1285 498 1323; x_wconf 88' lang='lat' dir='ltr'>pars</span> <span class='ocrx_word' id='word_1_164' title='bbox 527 1274 648 1312; x_wconf 87' lang='lat' dir='ltr'>inesse</span> <span class='ocrx_word' id='word_1_165' title='bbox 677 1273 856 1312; x_wconf 76' lang='lat' dir='ltr'>fraudis?</span> <span class='ocrx_word' id='word_1_166' title='bbox 889 1280 971 1321; x_wconf 86' lang='lat' dir='ltr'>aut,</span> <span class='ocrx_word' id='word_1_167' title='bbox 999 1285 1089 1311; x_wconf 91' lang='lat' dir='ltr'>cum</span> <span class='ocrx_word' id='word_1_168' title='bbox 1126 1271 1280 1319; x_wconf 87' lang='lat' dir='ltr'>dicitur,</span> 
     </span>
     <span class='ocr_line' id='line_1_23' title="bbox 155 1322 1283 1381; baseline 0.003 -21"><span class='ocrx_word' id='word_1_169' title='bbox 155 1325 183 1344; x_wconf 77' lang='lat'>‘⁶</span> <span class='ocrx_word' id='word_1_170' title='bbox 199 1322 299 1362; x_wconf 87' lang='lat' dir='ltr'>inter</span> <span class='ocrx_word' id='word_1_171' title='bbox 318 1326 436 1364; x_wconf 88' lang='lat' dir='ltr'>bonos</span> <span class='ocrx_word' id='word_1_172' title='bbox 456 1329 552 1366; x_wconf 90' lang='lat' dir='ltr'>bene</span> <span class='ocrx_word' id='word_1_173' title='bbox 571 1328 718 1379; x_wconf 79' lang='lat' dir='ltr'>agier,&#39;&#39;</span> <span class='ocrx_word' id='word_1_174' title='bbox 739 1328 954 1381; x_wconf 85' lang='lat' dir='ltr'>quidquam</span> <span class='ocrx_word' id='word_1_175' title='bbox 980 1327 1044 1378; x_wconf 83' lang='lat' dir='ltr'>agi</span> <span class='ocrx_word' id='word_1_176' title='bbox 1067 1325 1197 1364; x_wconf 90' lang='lat' dir='ltr'>dolose</span> <span class='ocrx_word' id='word_1_177' title='bbox 1215 1333 1283 1364; x_wconf 87' lang='lat' dir='ltr'>aut</span> 
     </span>
     <span class='ocr_line' id='line_1_24' title="bbox 152 1377 1281 1432; baseline 0.004 -18"><span class='ocrx_word' id='word_1_178' title='bbox 152 1377 342 1417; x_wconf 88' lang='lat' dir='ltr'>malitiose</span> <span class='ocrx_word' id='word_1_179' title='bbox 365 1384 520 1432; x_wconf 84' lang='lat' dir='ltr'>potest?</span> <span class='ocrx_word' id='word_1_180' title='bbox 562 1382 689 1421; x_wconf 92' lang='lat' dir='ltr'>Dolus</span> <span class='ocrx_word' id='word_1_181' title='bbox 714 1391 845 1422; x_wconf 89' lang='lat' dir='ltr'>autem</span> <span class='ocrx_word' id='word_1_182' title='bbox 870 1383 996 1420; x_wconf 90' lang='lat' dir='ltr'>malus</span> <span class='ocrx_word' id='word_1_183' title='bbox 1022 1380 1281 1428; x_wconf 81' lang='lat' dir='ltr'>simulatione,</span> 
     </span>
     <span class='ocr_line' id='line_1_25' title="bbox 152 1432 1284 1486; baseline 0.003 -17"><span class='ocrx_word' id='word_1_184' title='bbox 152 1439 197 1469; x_wconf 92' lang='lat' dir='ltr'>ut</span> <span class='ocrx_word' id='word_1_185' title='bbox 225 1432 279 1470; x_wconf 88' lang='lat' dir='ltr'>ait</span> <span class='ocrx_word' id='word_1_186' title='bbox 304 1434 521 1486; x_wconf 87' lang='lat' dir='ltr'>Aquillius,</span> <span class='ocrx_word' id='word_1_187' title='bbox 550 1437 777 1476; x_wconf 87' lang='lat' dir='ltr'>continetur.</span> <span class='ocrx_word' id='word_1_188' title='bbox 820 1436 1060 1476; x_wconf 88' lang='lat' dir='ltr'>Tollendum</span> <span class='ocrx_word' id='word_1_189' title='bbox 1085 1443 1140 1474; x_wconf 85' lang='lat' dir='ltr'>est</span> <span class='ocrx_word' id='word_1_190' title='bbox 1164 1434 1284 1486; x_wconf 85' lang='lat' dir='ltr'>igitur</span> 
     </span>
     <span class='ocr_line' id='line_1_26' title="bbox 151 1488 1283 1530; baseline 0.005 -6"><span class='ocrx_word' id='word_1_191' title='bbox 151 1499 199 1524; x_wconf 85' lang='lat' dir='ltr'>ex</span> <span class='ocrx_word' id='word_1_192' title='bbox 220 1489 333 1527; x_wconf 90' lang='lat' dir='ltr'>rebus</span> <span class='ocrx_word' id='word_1_193' title='bbox 352 1490 620 1530; x_wconf 81' lang='lat' dir='ltr'>contrahendis</span> <span class='ocrx_word' id='word_1_194' title='bbox 645 1505 760 1530; x_wconf 90' lang='lat' dir='ltr'>omne</span> <span class='ocrx_word' id='word_1_195' title='bbox 784 1491 1042 1530; x_wconf 77' lang='lat' dir='ltr'>mendacium.</span> <span class='ocrx_word' id='word_1_196' title='bbox 1085 1490 1178 1528; x_wconf 90' lang='lat' dir='ltr'>Non</span> <span class='ocrx_word' id='word_1_197' title='bbox 1200 1488 1283 1530; x_wconf 65' lang='lat' dir='ltr'>licis-</span> 
     </span>
     <span class='ocr_line' id='line_1_27' title="bbox 151 1545 1285 1598; baseline 0.004 -20"><span class='ocrx_word' id='word_1_198' title='bbox 151 1546 314 1581; x_wconf 82' lang='lat' dir='ltr'>tatorem</span> <span class='ocrx_word' id='word_1_199' title='bbox 335 1545 522 1593; x_wconf 81' lang='lat' dir='ltr'>venditor,</span> <span class='ocrx_word' id='word_1_200' title='bbox 543 1559 627 1593; x_wconf 89' lang='lat' dir='ltr'>nec,</span> <span class='ocrx_word' id='word_1_201' title='bbox 649 1547 718 1598; x_wconf 91' lang='lat' dir='ltr'>qui</span> <span class='ocrx_word' id='word_1_202' title='bbox 743 1554 875 1585; x_wconf 90' lang='lat' dir='ltr'>contra</span> <span class='ocrx_word' id='word_1_203' title='bbox 899 1559 939 1584; x_wconf 90' lang='lat' dir='ltr'>se</span> <span class='ocrx_word' id='word_1_204' title='bbox 960 1545 1134 1593; x_wconf 65' lang='lat' dir='ltr'>licentur,</span> <span class='ocrx_word' id='word_1_205' title='bbox 1161 1550 1285 1582; x_wconf 82' lang='lat' dir='ltr'>emtor</span> 
     </span>
     <span class='ocr_line' id='line_1_28' title="bbox 149 1598 1284 1653; baseline 0.004 -20"><span class='ocrx_word' id='word_1_206' title='bbox 149 1603 346 1647; x_wconf 82' lang='lat' dir='ltr'>apponet:</span> <span class='ocrx_word' id='word_1_207' title='bbox 386 1607 562 1652; x_wconf 85' lang='lat' dir='ltr'>uterque,</span> <span class='ocrx_word' id='word_1_208' title='bbox 592 1601 624 1639; x_wconf 91' lang='lat' dir='ltr'>si</span> <span class='ocrx_word' id='word_1_209' title='bbox 652 1601 701 1640; x_wconf 86' lang='lat' dir='ltr'>ad</span> <span class='ocrx_word' id='word_1_210' title='bbox 728 1601 989 1653; x_wconf 86' lang='lat' dir='ltr'>eloquendum</span> <span class='ocrx_word' id='word_1_211' title='bbox 1017 1598 1176 1647; x_wconf 78' lang='lat' dir='ltr'>venerit,</span> <span class='ocrx_word' id='word_1_212' title='bbox 1204 1610 1284 1638; x_wconf 84' lang='lat' dir='ltr'>non</span> 
     </span>
     <span class='ocr_line' id='line_1_29' title="bbox 151 1650 1283 1707; baseline 0.004 -18"><span class='ocrx_word' id='word_1_213' title='bbox 151 1650 256 1701; x_wconf 88' lang='lat' dir='ltr'>plus,</span> <span class='ocrx_word' id='word_1_214' title='bbox 278 1665 398 1703; x_wconf 86' lang='lat' dir='ltr'>quam</span> <span class='ocrx_word' id='word_1_215' title='bbox 417 1656 550 1702; x_wconf 84' lang='lat' dir='ltr'>semel,</span> <span class='ocrx_word' id='word_1_216' title='bbox 570 1655 784 1707; x_wconf 84' lang='lat' dir='ltr'>eloquetur.</span> <span class='ocrx_word' id='word_1_217' title='bbox 813 1655 986 1704; x_wconf 88' lang='lat' dir='ltr'>Quintus</span> <span class='ocrx_word' id='word_1_218' title='bbox 1004 1653 1162 1706; x_wconf 89' lang='lat' dir='ltr'>quidem</span> <span class='ocrx_word' id='word_1_219' title='bbox 1182 1653 1283 1694; x_wconf 77' lang='lat' dir='ltr'>Scae·</span> 
     </span>
     <span class='ocr_line' id='line_1_30' title="bbox 154 1705 1283 1761; baseline -0.004 -8"><span class='ocrx_word' id='word_1_220' title='bbox 154 1705 255 1752; x_wconf 68' lang='lat' dir='ltr'>volas</span> <span class='ocrx_word' id='word_1_221' title='bbox 286 1706 332 1744; x_wconf 93' lang='lat' dir='ltr'>P.</span> <span class='ocrx_word' id='word_1_222' title='bbox 350 1707 394 1745; x_wconf 89' lang='lat' dir='ltr'>F.</span> <span class='ocrx_word' id='word_1_223' title='bbox 426 1722 515 1748; x_wconf 87' lang='lat' dir='ltr'>curn</span> <span class='ocrx_word' id='word_1_224' title='bbox 543 1711 784 1761; x_wconf 58' lang='lat' dir='ltr'>postulasset,</span> <span class='ocrx_word' id='word_1_225' title='bbox 815 1718 860 1749; x_wconf 90' lang='lat' dir='ltr'>ut</span> <span class='ocrx_word' id='word_1_226' title='bbox 884 1710 957 1748; x_wconf 90' lang='lat' dir='ltr'>sibi</span> <span class='ocrx_word' id='word_1_227' title='bbox 982 1708 1142 1757; x_wconf 85' lang='lat' dir='ltr'>fundus,</span> <span class='ocrx_word' id='word_1_228' title='bbox 1171 1708 1283 1757; x_wconf 81' lang='lat' dir='ltr'>cujus</span> 
     </span>
     <span class='ocr_line' id='line_1_31' title="bbox 154 1761 1284 1817; baseline 0.004 -21"><span class='ocrx_word' id='word_1_229' title='bbox 154 1768 278 1798; x_wconf 88' lang='lat' dir='ltr'>emtor</span> <span class='ocrx_word' id='word_1_230' title='bbox 297 1770 391 1809; x_wconf 80' lang='lat' dir='ltr'>erat,</span> <span class='ocrx_word' id='word_1_231' title='bbox 412 1765 530 1802; x_wconf 90' lang='lat' dir='ltr'>semel</span> <span class='ocrx_word' id='word_1_232' title='bbox 547 1764 793 1812; x_wconf 84' lang='lat' dir='ltr'>indicaretur,</span> <span class='ocrx_word' id='word_1_233' title='bbox 812 1764 931 1817; x_wconf 84' lang='lat' dir='ltr'>idque</span> <span class='ocrx_word' id='word_1_234' title='bbox 949 1763 1124 1803; x_wconf 85' lang='lat' dir='ltr'>venditor</span> <span class='ocrx_word' id='word_1_235' title='bbox 1148 1762 1203 1800; x_wconf 83' lang='lat' dir='ltr'>ita</span> <span class='ocrx_word' id='word_1_236' title='bbox 1226 1761 1284 1801; x_wconf 79' lang='lat' dir='ltr'>fe-</span> 
     </span>
     <span class='ocr_line' id='line_1_32' title="bbox 154 1813 1283 1871; baseline 0.004 -20"><span class='ocrx_word' id='word_1_237' title='bbox 154 1813 292 1861; x_wconf 87' lang='lat' dir='ltr'>cisset;</span> <span class='ocrx_word' id='word_1_238' title='bbox 334 1816 446 1864; x_wconf 78' lang='lat' dir='ltr'>dixit,</span> <span class='ocrx_word' id='word_1_239' title='bbox 478 1831 518 1857; x_wconf 92' lang='lat' dir='ltr'>se</span> <span class='ocrx_word' id='word_1_240' title='bbox 544 1819 666 1871; x_wconf 86' lang='lat' dir='ltr'>pluris</span> <span class='ocrx_word' id='word_1_241' title='bbox 695 1819 909 1858; x_wconf 85' lang='lat' dir='ltr'>aestimare:</span> <span class='ocrx_word' id='word_1_242' title='bbox 950 1817 1097 1857; x_wconf 83' lang='lat' dir='ltr'>addidit</span> <span class='ocrx_word' id='word_1_243' title='bbox 1126 1825 1283 1856; x_wconf 86' lang='lat' dir='ltr'>centum</span> 
     </span>
     <span class='ocr_line' id='line_1_33' title="bbox 154 1867 1279 1926; baseline 0.004 -22"><span class='ocrx_word' id='word_1_244' title='bbox 154 1867 290 1907; x_wconf 89' lang='lat' dir='ltr'>millia.</span> <span class='ocrx_word' id='word_1_245' title='bbox 332 1870 463 1911; x_wconf 88' lang='lat' dir='ltr'>Nemo</span> <span class='ocrx_word' id='word_1_246' title='bbox 487 1881 556 1922; x_wconf 87' lang='lat' dir='ltr'>est,</span> <span class='ocrx_word' id='word_1_247' title='bbox 583 1873 651 1926; x_wconf 90' lang='lat' dir='ltr'>qui</span> <span class='ocrx_word' id='word_1_248' title='bbox 677 1873 750 1913; x_wconf 91' lang='lat' dir='ltr'>hoc</span> <span class='ocrx_word' id='word_1_249' title='bbox 777 1874 870 1913; x_wconf 91' lang='lat' dir='ltr'>boni</span> <span class='ocrx_word' id='word_1_250' title='bbox 897 1873 970 1912; x_wconf 88' lang='lat' dir='ltr'>viri</span> <span class='ocrx_word' id='word_1_251' title='bbox 996 1872 1113 1911; x_wconf 84' lang='lat' dir='ltr'>fuisse</span> <span class='ocrx_word' id='word_1_252' title='bbox 1140 1878 1279 1922; x_wconf 82' lang='lat' dir='ltr'>neget;</span> 
     </span>
     <span class='ocr_line' id='line_1_34' title="bbox 153 1922 1278 1980; baseline 0.004 -21"><span class='ocrx_word' id='word_1_253' title='bbox 153 1922 348 1973; x_wconf 87' lang='lat' dir='ltr'>sapientis,</span> <span class='ocrx_word' id='word_1_254' title='bbox 378 1936 548 1977; x_wconf 79' lang='lat' dir='ltr'>negant3</span> <span class='ocrx_word' id='word_1_255' title='bbox 581 1936 639 1976; x_wconf 90' lang='lat' dir='ltr'>ut,</span> <span class='ocrx_word' id='word_1_256' title='bbox 669 1928 701 1967; x_wconf 91' lang='lat' dir='ltr'>si</span> <span class='ocrx_word' id='word_1_257' title='bbox 732 1928 905 1975; x_wconf 80' lang='lat' dir='ltr'>minoriS‚</span> <span class='ocrx_word' id='word_1_258' title='bbox 933 1940 1053 1980; x_wconf 79' lang='lat' dir='ltr'>quam</span> <span class='ocrx_word' id='word_1_259' title='bbox 1078 1925 1278 1978; x_wconf 82' lang='lat' dir='ltr'>potuisset,</span> 
     </span>
     <span class='ocr_line' id='line_1_35' title="bbox 154 1976 1282 2034; baseline 0.007 -21"><span class='ocrx_word' id='word_1_260' title='bbox 154 1976 396 2017; x_wconf 80' lang='lat' dir='ltr'>vendidisset.</span> <span class='ocrx_word' id='word_1_261' title='bbox 432 1981 529 2021; x_wconf 85' lang='lat' dir='ltr'>Haec</span> <span class='ocrx_word' id='word_1_262' title='bbox 548 1982 666 2033; x_wconf 88' lang='lat' dir='ltr'>igitur</span> <span class='ocrx_word' id='word_1_263' title='bbox 685 1990 742 2021; x_wconf 91' lang='lat' dir='ltr'>est</span> <span class='ocrx_word' id='word_1_264' title='bbox 759 1983 828 2021; x_wconf 90' lang='lat' dir='ltr'>illa</span> <span class='ocrx_word' id='word_1_265' title='bbox 845 1982 1044 2034; x_wconf 66' lang='lat' dir='ltr'>pernicies,</span> <span class='ocrx_word' id='word_1_266' title='bbox 1064 1979 1169 2033; x_wconf 90' lang='lat' dir='ltr'>quod</span> <span class='ocrx_word' id='word_1_267' title='bbox 1187 1978 1282 2021; x_wconf 78' lang='lat' dir='ltr'>alios</span> 
     </span>
     <span class='ocr_line' id='line_1_36' title="bbox 153 2030 1280 2088; baseline 0.003 -20"><span class='ocrx_word' id='word_1_268' title='bbox 153 2030 288 2079; x_wconf 88' lang='lat' dir='ltr'>bonos,</span> <span class='ocrx_word' id='word_1_269' title='bbox 316 2034 410 2072; x_wconf 88' lang='lat' dir='ltr'>alios</span> <span class='ocrx_word' id='word_1_270' title='bbox 436 2037 638 2088; x_wconf 88' lang='lat' dir='ltr'>sapientes,</span> <span class='ocrx_word' id='word_1_271' title='bbox 659 2037 903 2076; x_wconf 80' lang='lat' dir='ltr'>existimant:</span> <span class='ocrx_word' id='word_1_272' title='bbox 935 2050 983 2075; x_wconf 80' lang='lat' dir='ltr'>ex</span> <span class='ocrx_word' id='word_1_273' title='bbox 1007 2048 1086 2087; x_wconf 90' lang='lat' dir='ltr'>quo</span> <span class='ocrx_word' id='word_1_274' title='bbox 1110 2033 1280 2081; x_wconf 85' lang='lat' dir='ltr'>Ennius,</span> 
     </span>
     <span class='ocr_line' id='line_1_37' title="bbox 155 2086 1283 2143; baseline 0.004 -21"><span class='ocrx_word' id='word_1_275' title='bbox 155 2086 184 2106; x_wconf 83' lang='lat'>“</span> <span class='ocrx_word' id='word_1_276' title='bbox 204 2087 469 2140; x_wconf 84' lang='lat' dir='ltr'>nequidquam</span> <span class='ocrx_word' id='word_1_277' title='bbox 494 2104 625 2142; x_wconf 87' lang='lat' dir='ltr'>sapere</span> <span class='ocrx_word' id='word_1_278' title='bbox 648 2091 874 2143; x_wconf 81' lang='lat' dir='ltr'>sapientem,</span> <span class='ocrx_word' id='word_1_279' title='bbox 899 2091 967 2143; x_wconf 92' lang='lat' dir='ltr'>qui</span> <span class='ocrx_word' id='word_1_280' title='bbox 992 2089 1065 2129; x_wconf 88' lang='lat' dir='ltr'>sibi</span> <span class='ocrx_word' id='word_1_281' title='bbox 1087 2089 1170 2141; x_wconf 88' lang='lat' dir='ltr'>ipse</span> <span class='ocrx_word' id='word_1_282' title='bbox 1193 2101 1283 2140; x_wconf 89' lang='lat' dir='ltr'>pro-</span> 
     </span>
     <span class='ocr_line' id='line_1_38' title="bbox 152 2137 1284 2198; baseline 0.004 -23"><span class='ocrx_word' id='word_1_283' title='bbox 152 2137 261 2177; x_wconf 87' lang='lat' dir='ltr'>desse</span> <span class='ocrx_word' id='word_1_284' title='bbox 286 2153 365 2181; x_wconf 91' lang='lat' dir='ltr'>non</span> <span class='ocrx_word' id='word_1_285' title='bbox 390 2144 558 2195; x_wconf 57' lang='lat' dir='ltr'>quiretx‘</span> <span class='ocrx_word' id='word_1_286' title='bbox 599 2145 702 2184; x_wconf 86' lang='lat' dir='ltr'>Vere</span> <span class='ocrx_word' id='word_1_287' title='bbox 726 2146 767 2185; x_wconf 92' lang='lat' dir='ltr'>id</span> <span class='ocrx_word' id='word_1_288' title='bbox 791 2145 965 2198; x_wconf 85' lang='lat' dir='ltr'>quidem,</span> <span class='ocrx_word' id='word_1_289' title='bbox 992 2144 1038 2193; x_wconf 90' lang='lat' dir='ltr'>si,</span> <span class='ocrx_word' id='word_1_290' title='bbox 1066 2143 1162 2196; x_wconf 90' lang='lat' dir='ltr'>quid</span> <span class='ocrx_word' id='word_1_291' title='bbox 1187 2149 1284 2182; x_wconf 68' lang='lat' dir='ltr'>aeset</span> 
     </span>
     <span class='ocr_line' id='line_1_39' title="bbox 153 2194 1284 2246; baseline 0.01 -13"><span class='ocrx_word' id='word_1_292' title='bbox 153 2194 182 2215; x_wconf 88' lang='lat'><strong>“</strong></span> <span class='ocrx_word' id='word_1_293' title='bbox 193 2194 415 2246; x_wconf 64' lang='lat' dir='ltr'>prodaese,’&#39;</span> <span class='ocrx_word' id='word_1_294' title='bbox 431 2199 528 2239; x_wconf 87' lang='lat' dir='ltr'>mihi</span> <span class='ocrx_word' id='word_1_295' title='bbox 539 2212 629 2240; x_wconf 89' lang='lat' dir='ltr'>cum</span> <span class='ocrx_word' id='word_1_296' title='bbox 641 2200 775 2241; x_wconf 81' lang='lat' dir='ltr'>Ennio</span> <span class='ocrx_word' id='word_1_297' title='bbox 785 2200 1016 2242; x_wconf 78' lang='lat' dir='ltr'>conveniret.</span> <span class='ocrx_word' id='word_1_298' title='bbox 1041 2198 1284 2242; x_wconf 68' lang='lat' dir='ltr'>Hecatonem</span> 
     </span>
    </p>
   </div>
  </div>
 </body>
</html>
