1470 2402
318 95 396 135 DE
425 92 856 143 OFFICIIS,L113.I
871 93 975 133 CAP.
993 93 1054 133 11.
1166 96 1241 134 211

121 198 366 249 adjudicavit.
405 199 590 260 Decipere
606 198 679 236 hoc
697 197 852 249 quidem
869 204 937 244 est,
953 209 1030 234 non
1056 196 1239 246 Judicare.
1252 226 1307 275 ⁴:⁶³

123 253 358 301 Quocirca,
347 266 387 291 m
406 253 512 291 omni
529 266 584 301 re,
604 251 786 302 fugienda
804 258 859 289 est
878 251 963 289 talis
982 251 1157 289 sollertia.
1198 293 1251 303 ἡ,
1254 292 1256 294 ,
1283 293 1289 300 ,

175 307 252 345 ΧΙ.
282 308 382 346 Sunt
410 315 538 345 autem
563 306 741 367 quaedam
766 305 889 343 officia
917 304 1032 342 etiam
1058 298 1237 344 adversus

120 372 182 398 eos
201 361 397 409 servanda,
417 374 440 399 a
459 361 598 412 quibus
615 359 797 409 injuriam
816 359 1012 409 acceperis.
1041 358 1114 401 Est
1131 359 1236 398 8111111

119 414 322 453 ulciscendi
341 423 378 452 et
395 414 579 466 puniendi
598 414 746 451 modus.
788 413 923 463 Atque
944 412 1049 457 haud
1075 412 1164 458 scio,
1185 425 1234 450 an

118 468 209 506 satis
227 468 288 515 sit,
310 481 413 515 eum,
435 469 503 520 qui
520 467 735 513 lacessierit,
757 467 908 515 injuriae
933 479 1012 503 suae
1026 466 1230 517 poenitere·
1217 494 1232 516 ,

117 529 162 558 ut
180 529 217 559 et
233 521 313 572 ipse
331 535 379 560 ne
398 523 492 574 quid
510 522 585 560 tale
595 521 765 573 posthae,
782 529 819 559 et
836 520 960 558 caeteri
974 520 1049 558 sint
1066 519 1140 557 3(1
1130 521 1232 570 mju-

115 575 215 612 riam
233 575 423 614 tardiores.

124 642 128 645 ·
169 629 326 679 Atque
315 641 357 666 m
371 644 410 668 re
423 629 579 682 publica
592 630 762 667 maxime
777 628 1031 667 conservanda
1042 635 1131 666 sunt
1142 628 1231 677 jura

114 681 218 719 belli.
249 682 370 730 Nam,
390 696 479 720 cum
498 684 573 721 sint
589 684 668 722 duo
686 696 824 734 genera
842 682 1081 726 decertandi;
1106 694 1230 719 unum

115 748 182 786 per
199 735 523 797 disceptationem,
544 738 706 775 alterum
726 750 792 788 per
812 737 916 781 vim;
947 748 1112 787 cumque
1130 736 1229 773 illud

112 801 311 840 proprium
323 789 371 827 sit
381 789 562 835 hominis,
576 791 648 828 hoc
662 791 906 835 belluarum3
928 789 1228 840 confugiendum

111 849 169 880 est
197 843 247 880 ad
275 843 475 894 posterius,
499 843 531 880 si
560 842 617 879 uti
641 855 716 880 non
740 844 827 881 licet
851 844 1052 894 superiore.
1097 843 1230 890 Quare

111 896 348 948 suscipienda
373 896 530 949 quidem
555 896 655 933 bella
682 903 771 933 sunt
796 898 844 933 ob
871 910 955 934 eam
988 910 1156 945 causam,
1184 903 1228 934 ut

110 950 192 988 sine
220 951 361 1000 injuria
390 951 430 987 in
456 963 549 1001 pace
568 950 740 987 vivatur:
771 949 880 999 parta
899 957 1029 987 autem
1054 950 1225 997 victoria,

107 1005 354 1043 conservandi
371 1004 413 1051 ii,
434 1004 502 1055 qui
520 1016 597 1041 non
616 1002 784 1041 crudeles
802 1002 840 1039 in
862 1002 976 1049 bello,
992 1015 1069 1041 non
1087 1003 1226 1041 imma-

107 1071 175 1095 nes
193 1058 373 1102 fuerunt;
403 1065 447 1095 ut
465 1059 626 1107 majores
644 1057 761 1094 nostri
780 1056 1035 1104 Tusculanos,
1057 1058 1222 1108 AEquOS,

107 1112 279 1160 Volscos,
290 1112 464 1160 Sabinos,
479 1111 679 1158 Hernicos,
688 1110 727 1148 in
740 1110 930 1148 civitatem
946 1110 1061 1153 etiam
1073 1124 1226 1162 accepe-

104 1173 196 1203 runt
209 1180 220 1203 2
250 1173 289 1204 at
301 1165 573 1216 Carthaginem
586 1173 623 1203 et
640 1165 897 1202 Numantiam
908 1163 1084 1202 funditus
1096 1173 1222 1203 sustu-

105 1220 251 1258 leruntt
272 1220 415 1258 nollem
430 1220 680 1257 Corinthum:
703 1218 768 1256 sed
780 1218 890 1261 credo
902 1218 1048 1269 aliquid
1060 1226 1219 1262 secutos,

101 1274 424 1324 opportunitatem
442 1274 516 1312 loci
534 1273 717 1319 maxime,
739 1285 786 1309 ne
804 1280 929 1323 posset
947 1272 1153 1323 aliquando
1171 1273 1220 1310 ad

103 1328 248 1366 bellum
266 1328 484 1366 faciendum
498 1327 630 1366 locus
620 1340 700 1378 lpse
714 1326 917 1369 adhortari.
947 1325 1044 1363 Mea
1062 1326 1219 1376 quidem

100 1382 300 1430 sententia,
328 1382 427 1434 paci,
458 1395 546 1433 quae
571 1381 669 1418 nihil
697 1381 877 1418 habitura
906 1379 953 1418 sit
978 1379 1218 1428 insidiarum,

101 1449 249 1488 semper
268 1444 323 1474 est
341 1436 629 1474 consulendum
670 1436 716 1473 In
745 1447 823 1486 quo
850 1434 881 1472 si
906 1433 1003 1471 mihi
1030 1442 1125 1472 esset
1150 1436 1218 1472 ob-

102 1498 382 1542 temperatum3
412 1491 443 1529 si
469 1503 547 1528 non
572 1489 774 1540 optimam,
802 1495 841 1526 at
865 1488 1036 1539 aliquam
1060 1501 1215 1539 rempu-

100 1545 240 1583 blicam
261 1548 364 1595 (quae
382 1557 486 1582 nunc
503 1545 611 1582 nulla
625 1552 696 1589 est)
711 1543 951 1581 haberemus.
982 1541 1035 1579 Et
1050 1555 1139 1580 cum
1152 1542 1214 1585 iis.

98 1611 196 1651 quos
214 1599 252 1636 vi
269 1599 463 1645 deviceris,
483 1597 760 1636 consulendum
776 1604 856 1642 est3
887 1604 971 1634 tum
990 1595 1031 1641 ii,
1053 1596 1135 1646 qui,
1155 1609 1217 1632 ar..

100 1653 174 1691 mis
192 1652 336 1703 positis,
349 1652 421 1690 ad
394 1660 686 1713 lmperatorum
697 1651 813 1688 fidem
827 1649 1062 1700 confugient,
1077 1661 1214 1700 quam-

99 1708 156 1746 vis
174 1719 332 1743 murum
350 1706 445 1744 aries
463 1705 699 1757 percusserit,
719 1703 923 1755 recipiendi
942 1710 1043 1740 sunt.
1074 1703 1124 1739 In
1137 1716 1215 1754 quo

97 1768 294 1811 tantopere
322 1760 426 1811 apud
454 1767 600 1798 nostros
629 1758 777 1808 justitia
802 1759 905 1795 culta
927 1764 996 1805 est,
1017 1766 1061 1794 ut
1082 1756 1123 1803 ii,
1146 1756 1214 1807 qui

98 1815 268 1855 civitates
286 1821 354 1852 aut
370 1813 541 1852 nationes
559 1813 723 1851 devictas
739 1811 868 1850 bello
858 1824 899 1849 ιιι
917 1811 1034 1848 fidem
1052 1810 1211 1861 recepis-

99 1877 196 1917 sent,
217 1881 349 1906 earum
367 1867 517 1920 patroni
536 1875 658 1906 essent
675 1879 782 1904 more
799 1866 1004 1927 majorum.

151 1898 214 1961 A'c
231 1922 323 1960 belli
341 1922 498 1973 quidem
517 1921 675 1972 aequitas
694 1920 926 1958 sanctissime
939 1918 1063 1956 feciah·
1076 1917 1211 1971 populi

99 1977 267 2018 Romani
282 1978 369 2027 jure
386 1976 592 2027 perscripta
610 1982 676 2013 est.
710 1974 776 2012 Ex
794 1986 871 2025 quo
890 1972 1052 2023 intelligi
1070 1980 1208 2023 potest,

94 2033 248 2072 nullum
266 2030 414 2069 bellum
433 2044 510 2069 esse
536 2031 700 2079 justum,
721 2027 794 2065 nisi
812 2027 927 2078 quod
934 2035 1002 2064 aut
1020 2028 1132 2065 rebus
1150 2041 1207 2066 18

96 2086 222 2139 petitis
247 2093 413 2137 geratur,
440 2092 507 2122 aut
532 2083 799 2121 denuntiatum
824 2090 912 2120 ante
937 2081 998 2129 sit,
1027 2089 1063 2118 et
1087 2081 1208 2120 indic-

97 2150 193 2180 tum.
234 2139 449 2211 Pompilius
474 2139 679 2190 imperator
703 2137 854 2175 tenebat
874 2135 1135 2188 provinciam:
1166 2136 1207 2175 in
