1470 2402
393 55 647 96 TIMAEUS.
682 54 788 96 CA?-
821 57 882 95 11.
1120 56 1196 95 441

83 173 236 200 versum
259 158 378 202 videri
402 163 561 216 potest),
591 172 628 203 et
647 166 772 210 nosse,
799 173 838 205 et
865 164 1042 204 nuntiare
1070 172 1200 203 ortum

82 228 231 260 eorum,
244 217 371 266 majus
390 226 459 264 est,
476 232 593 270 quam
613 227 656 257 ut
676 219 843 271 profiteri
862 219 1022 258 seribere
1044 230 1113 257 nos
1132 231 1202 256 au-

83 269 255 310 deamus.
286 271 530 310 Credendum
555 273 737 312 nimirum
765 282 819 312 est
841 273 1029 312 veteribus
1048 281 1084 311 et
1103 272 1200 324 pris-

82 323 135 362 cis
166 328 226 366 (ut
245 324 370 371 aiunt)
399 326 502 371 viris,
529 327 597 380 qui
619 341 658 366 se
686 328 905 379 progeniem
927 327 1099 366 Deorum
1121 339 1201 364 esse

82 377 269 417 dicebant.
301 378 438 432 Itaque
457 394 589 419 eorum
609 383 791 421 voeabula
811 382 919 421 nobis
938 380 1199 434 prodiderunt.

80 431 121 470 N
126 434 208 470 sisse
235 441 365 472 autem
395 443 632 486 generatores
650 449 737 474 suus
762 437 906 488 optime
924 443 1124 487 poterant:
1155 448 1199 474 ac

81 485 234 525 difficile
263 487 365 526 factu
397 497 466 533 est,
499 503 520 527 a
549 489 636 528 Diis
668 491 759 528 ortis
785 491 900 529 fidem
929 502 1004 528 non
1031 489 1197 533 habere3

80 553 319 592 quamquam
340 555 408 583 nec
433 544 668 594 argumentis
695 557 762 583 nee
782 545 990 583 rationibus
1009 544 1118 582 certis
1137 556 1200 581 eo-

79 607 168 632 rum
187 597 306 634 oratio
326 596 596 636 confirmatur:
628 598 706 641 scd,
728 599 818 651 quia
837 599 884 638 de
903 597 980 636 suis
998 598 1112 635 rebus
1130 609 1199 635 no-

78 647 127 686 tis
147 648 323 687 videntur
335 650 456 702 loqui,
479 652 594 689 veteri
612 652 687 704 legi
707 653 880 704 uanique
898 651 1110 704 parendum
1130 658 1199 690 est.

79 702 143 741 Sic
161 702 293 753 igitur,
311 711 352 742 ut
367 706 415 742 ab
434 705 494 743 his
509 712 563 744 est
580 706 778 751 traditum,
794 707 930 745 horum
949 706 1122 744 Deorum
1137 719 1199 744 or-

78 763 140 794 tus
153 756 352 803 habeatur,
366 767 482 811 atque
496 759 657 803 dicatur,
665 767 708 799 ut
717 760 918 800 Oceanum
934 758 1200 811 Salaciamque

78 810 176 849 Coeli
204 819 303 857 satu,
335 812 544 865 'l'errzeque
564 824 763 866 conceptu,
784 822 981 866 generatos
1004 813 1201 866 editosque

75 877 334 904 memoremus
351 881 361 905 ε
393 879 439 905 ex
459 867 520 906 his
536 868 728 920 Phorcyn,
745 871 972 915 Saturnum,
988 877 1023 907 et
1045 868 1171 920 Opem
1185 882 1197 906 ε

76 918 254 973 deinceps
271 920 299 958 J
303 933 411 959 ovem
432 929 548 974 atque
572 922 787 966 Junonem,
808 923 987 975 reliquos,
1008 935 1105 974 quos
1123 921 1201 960 fra-

77 980 151 1012 tres
179 973 278 1017 inter
308 987 361 1020 se,
392 985 640 1028 agnatosque,
672 978 847 1029 usurpari
870 985 986 1029 atque
1016 975 1200 1028 appellari

76 1026 266 1075 videnum,
294 1036 331 1068 et
356 1042 488 1068 eorum
516 1034 576 1073 (ut
602 1039 758 1070 utamur
778 1031 893 1070 veteri
921 1032 1053 1075 verbo)
1072 1043 1201 1082 prosa-

76 1081 195 1133 piam.
225 1082 395 1130 Quando
407 1083 523 1135 igitur
542 1097 688 1130 omnes,
704 1093 740 1124 et
756 1085 822 1137 qui
838 1092 1040 1124 moventur
1052 1085 1202 1137 palam-

77 1148 154 1187 que
173 1136 442 1185 ostenduntur,
469 1145 505 1177 et
535 1139 603 1191 qui
634 1138 788 1178 eatenus
808 1139 918 1178 nobis
943 1139 1198 1186 declarantur,

77 1189 156 1241 qua
175 1190 247 1242 ipsi
275 1191 424 1237 volunt,
454 1193 566 1231 creati
593 1202 708 1238 sunt;
739 1203 824 1232 tum
847 1194 897 1232 ad
927 1207 989 1233 eos
1016 1193 1048 1231 is
1075 1192 1198 1236 Deus,

77 1243 144 1296 qui
167 1245 297 1284 onmia
321 1245 469 1297 genuit,
497 1247 600 1286 fatiu-
619 1248 698 1286 haec
717 1263 728 1286 z
766 1250 794 1271 '⁵‘
810 1248 906 1294 Vos,
934 1248 1001 1300 qui
1021 1247 1198 1286 Deorum

77 1305 161 1337 satu
186 1299 260 1337 orti
288 1300 390 1346 estis,
417 1301 611 1340 attendite.
642 1302 822 1350 Quorum
853 1315 1013 1354 operum
1034 1314 1104 1353 ego
1130 1314 1200 1353 pa-

76 1364 163 1390 rens
193 1353 420 1406 effectorque
440 1367 542 1401 sum,
563 1369 650 1407 quoe
677 1369 744 1408 per
763 1369 826 1394 me
845 1356 958 1403 taeta,
982 1355 1082 1406 [haec
1109 1363 1199 1394 sunt

75 1405 337 1459 indissoluta,]
370 1420 432 1446 nie
456 1408 600 1448 invito:
630 1422 869 1461 quamquam
899 1422 1013 1448 omne
1042 1409 1198 1461 colliga-

77 1468 161 1499 tum
195 1461 290 1499 solvi
321 1468 470 1513 potest:
502 1463 566 1501 sed
595 1463 899 1515 haudquaquam
923 1463 1016 1503 boni
1040 1471 1109 1509 est,
1137 1476 1198 1501 ra-

76 1514 178 1553 tione
208 1514 378 1553 vinctum
407 1516 504 1554 velle
529 1517 742 1556 dissolvere.
790 1517 879 1562 Sed,
914 1517 1095 1569 (moniam
1125 1517 1198 1556 orti

74 1569 176 1615 estis,
208 1568 442 1607 immortales
468 1583 534 1609 vos
566 1570 722 1622 quidem
748 1584 827 1610 esse
855 1579 890 1609 et
917 1570 1198 1610 indissolubiles

73 1635 150 1661 non
182 1622 348 1675 potestis.
390 1624 630 1678 Neutiquam
661 1632 789 1663 tamen
823 1625 1096 1671 dissolvemini,
1127 1637 1196 1664 nec

72 1690 139 1715 vos
173 1677 253 1717 ulla
283 1677 416 1716 mortis
446 1677 524 1716 fata
549 1678 753 1732 periment,
786 1691 854 1718 nec
879 1679 984 1718 fraus
1010 1679 1196 1718 valentior

71 1744 190 1783 quum
219 1731 420 1770 consilium
448 1744 595 1779 meum,
625 1732 728 1785 quod
757 1733 885 1784 majus
916 1741 971 1772 est
996 1733 1195 1772 vinculum

71 1785 120 1828 ad
148 1786 441 1837 perpetuitatem
473 1795 651 1831 vestram,
681 1799 799 1838 quam
824 1787 905 1829 illa,
938 1787 1079 1839 quibus
1108 1787 1196 1826 estis

72 1845 172 1887 tum,
194 1852 282 1878 cum
302 1839 579 1891 gignebamini,
606 1840 784 1892 colligati.
814 1841 923 1890 Quid
942 1841 1102 1879 sentiam
1122 1840 1196 1893 igi-

71 1898 149 1941 tur,
170 1893 394 1945 cognoscite.
426 1893 521 1933 Tria
547 1894 655 1933 nobis
673 1907 812 1946 genera
840 1895 987 1947 reliqua
1005 1902 1109 1938 sunt,
1130 1908 1193 1933 ea-

70 1960 146 2000 que
175 1947 377 1986 mortalia:
408 1947 549 1999 quibus
581 1948 856 2000 proetermissis,
891 1949 974 1987 coeli
1004 1949 1193 1988 absolutio

67 2001 236 2055 perfecta
264 2014 340 2039 non
372 2003 469 2040 erit:
500 2003 630 2041 omnia
656 2002 758 2041 enim
790 2015 930 2053 genera
963 2003 1191 2041 aninmlium

67 2055 272 2107 complexu
304 2066 380 2093 non
412 2056 582 2095 tenebit:
615 2063 739 2096 teneat
768 2064 898 2095 autem
923 2056 1126 2109 opu-tebit,
1146 2065 1191 2096 ut

65 2109 199 2148 eodem
231 2121 280 2148 ne
312 2108 406 2162 quid
435 2110 548 2157 absit,
572 2124 660 2163 qum
688 2123 712 2151 a
735 2123 799 2149 me
829 2110 912 2162 ipso
938 2111 1070 2150 effecta
1097 2110 1188 2158 sint,

59 2163 166 2222 quod
196 2162 371 2204 Deorum
405 2164 524 2208 vitam
562 2164 683 2219 possit
718 2164 932 2218 mlmluare.
981 2165 1037 2205 Ut
1068 2163 1189 2218 igitur

1458 326 1470 791 ffi4fflffffissgv
1461 258 1470 319 ὗε.
1465 239 1470 249 -
1460 26 1470 228 *ag-⁴5³„
1464 0 1470 17 ψ

1459 982 1467 1017 -ν
1458 805 1470 958 νσ-κ-τε

1426 1709 1470 2402 m:
1448 1550 1469 1693 εοεαε-«-
1452 1432 1470 1534 ιαμ-ν
1452 1065 1470 1421 mage-vatam
