1470 2402
307 88 386 138 DE
414 87 679 147 OFFICIIS,
701 96 802 137 Lm.
817 97 876 138 ΙΙ.
897 98 1005 139 CAP.
1023 100 1086 139 15.
1179 101 1260 147 275

128 215 198 248 aut
224 207 402 261 pecunia.
450 206 615 245 Facilior
646 214 702 246 est
734 207 816 246 haec
847 209 1045 259 posterior,
1075 209 1259 263 locupleti

128 263 366 316 praesertim:
397 261 465 301 sed
495 262 564 300 illa
592 262 733 300 lautior
757 275 801 300 ac
834 263 1082 314 splendidior,
1111 273 1148 304 et
1176 266 1259 305 viro

126 318 217 357 forti
236 318 414 369 claroque
428 316 590 367 dignior.
639 317 893 369 Quamquam
913 318 1016 356 enim
1030 318 1071 356 in
1091 327 1258 373 utroque

124 373 224 412 inest
249 371 488 424 gratificandi
513 371 682 409 liberalis
706 372 896 418 voluntas,
921 380 1051 411 tamen
1071 374 1189 413 altera
1207 389 1256 414 ex

126 428 227 476 area,
263 427 382 465 altera
417 438 467 464 ex
506 425 660 472 virtute,
699 425 937 478 depromitur
953 441 964 466 ε
1008 428 1253 482 largitioque,

124 495 214 535 quae
238 482 283 520 fit
312 494 360 519 ex
390 494 431 519 re
457 479 654 528 familiari,
685 480 829 519 fontem
856 481 984 533 ipsum
1007 483 1256 535 benignitatis

122 536 312 576 exhaurit.
354 535 418 574 Ita
446 534 683 586 benignitate
711 536 927 586 benignitas
955 537 1132 583 tollitur;
1175 540 1255 592 qua

121 604 200 644 quo
217 591 258 629 in
277 590 407 642 plures
420 603 512 628 usus
532 589 596 637 siS,
617 602 660 627 eo
675 590 805 628 minus
823 590 864 628 in
883 591 1028 630 multos
1041 592 1100 630 uti
1118 595 1251 645 possis.

173 646 247 693 At,
269 645 338 697 qui
356 645 486 697 oper-'‘a,
506 643 547 682 id
567 651 636 690 est,
658 644 799 683 virtute
817 653 854 683 et
872 645 1074 693 industria,
1091 649 1253 688 benefici

120 707 158 740 et
174 700 350 739 liberales
370 707 495 746 erunt,
516 698 703 750 primum,
725 712 802 751 quo
824 700 1001 751 pluribus
1020 702 1251 753 profuerint,

119 768 166 795 eo
184 755 314 807 plures
333 754 384 793 ad
400 754 567 804 benigne
582 753 800 791 faciendum
817 754 1008 804 adjutores
1022 756 1223 796 habebunt
1237 773 1249 797 τ

117 810 270 857 deinde,
294 808 570 848 consuetudine
591 807 866 856 beneficentiae,
891 809 1097 861 paratiores
1121 821 1248 861 erunt,

115 872 152 904 et
165 872 368 916 tamquam
383 862 674 910 exercitatiores,
699 862 748 901 ad
766 864 863 901 bene
878 864 926 902 de
943 865 1077 904 multis
1096 879 1251 917 prome-

114 918 292 958 rendum.
350 918 538 956 Praeclare
568 917 728 969 epistola
765 918 937 970 quadam
974 920 1249 961 Alexandrum

115 974 241 1013 filium
272 973 481 1024 Philippus
509 979 674 1021 aoeusat,
709 972 815 1024 quod
847 973 1049 1024 largitione
1082 977 1248 1016 benevo-

114 1028 275 1068 lentiam
303 1026 568 1066 Macedonum
598 1034 844 1065 consectetur.
894 1030 923 1051 ‘⁶
944 1029 1046 1077 Quae
1079 1038 1116 1068 te
1147 1034 1249 1074 (rna-

113 1081 199 1122 lum
218 1083 277 1129 !)”
292 1081 434 1134 inquit,
458 1083 486 1104 “
506 1081 602 1120 ratio
621 1081 662 1119 in
676 1081 789 1120 istam
810 1095 918 1134 spem
937 1083 1107 1132 induxit,
1121 1093 1165 1123 ut
1185 1099 1250 1125 eos

112 1138 186 1177 tibi
215 1136 345 1176 fideles
372 1143 528 1189 putares
554 1135 649 1185 fore,
674 1149 770 1188 quos
797 1138 961 1189 pecunia
984 1139 1214 1191 corrupisses
1228 1143 1248 1180 ‚⁹

115 1192 186 1232 An
204 1200 248 1231 tu
267 1191 308 1230 id
327 1191 422 1243 agis,
448 1198 494 1229 ut
517 1190 766 1240 Macedones,
791 1204 869 1230 non
892 1200 930 1230 te
955 1205 1084 1244 regem
1114 1207 1244 1243 suum,

111 1247 178 1286 sed
197 1247 419 1285 ministrum
439 1253 476 1285 et
494 1246 753 1298 praebitorem,
782 1254 933 1298 sperent
951 1247 1032 1287 fore
1049 1248 1097 1287 ?”
1135 1250 1247 1289 Bene

109 1302 333 1341 ministrum
352 1308 390 1340 et
408 1301 667 1353 praebitorem,
689 1301 782 1352 quia
800 1301 998 1340 sordidum
1024 1303 1131 1355 reg-13
1163 1317 1246 1343 me-

108 1357 186 1396 lius
204 1356 337 1403 etiam,
363 1355 469 1408 quod
493 1355 736 1407 largitionem
757 1356 1014 1408 corruptelam
1034 1370 1113 1396 esse
1131 1358 1243 1398 dixit.

109 1411 176 1450 Fit
193 1411 295 1450 enim
316 1410 493 1458 deterior,
509 1410 577 1462 qui
597 1410 746 1462 accipit,
764 1419 881 1463 atque
900 1411 949 1449 ad
968 1411 1072 1450 idem
1091 1426 1244 1465 semper

110 1465 413 1518 exspectandum
440 1464 620 1517 paratior.
652 1465 740 1503 Hoc
758 1464 825 1503 ille
847 1465 954 1504 filio:
987 1464 1052 1505 sed
1074 1481 1244 1520 praecep-

104 1527 192 1559 tum
210 1528 393 1572 putemus
411 1519 603 1558 omnibus.
634 1519 902 1568 Quamobrem
921 1519 962 1558 id
980 1521 1139 1572 quidem
1162 1534 1241 1561 non

104 1575 271 1614 dubium
291 1581 361 1623 est,
382 1574 478 1626 quin
492 1574 560 1612 illa
579 1574 810 1626 benignitas,
823 1588 912 1626 quae
926 1583 1071 1615 constet
1086 1589 1133 1615 ex
1149 1590 1241 1629 ope-

103 1629 148 1669 ra
167 1639 205 1668 et
231 1628 436 1678 industria,
457 1636 494 1667 et
517 1628 712 1668 honestior
740 1629 802 1677 sit,
831 1636 869 1667 et
892 1629 1009 1669 latius
1031 1637 1175 1682 pateat,
1203 1639 1242 1670 et

105 1684 226 1737 possit
243 1683 421 1736 prodesse
437 1682 628 1735 pluribus.

158 1739 459 1790 Nonnunquam
476 1745 607 1776 tamen
627 1744 683 1777 est
699 1737 945 1790 largiendum
962 1751 974 1784 ς
1004 1751 1075 1779 nec
1085 1738 1159 1778 hoc
1170 1740 1240 1779 be-

102 1793 302 1846 nignitatis
327 1805 450 1844 genus
475 1791 634 1831 omnino
661 1792 947 1844 repudiandum
970 1801 1051 1839 est;
1082 1801 1120 1833 et
1138 1808 1240 1847 saepe

101 1848 250 1888 idoneis
275 1846 501 1886 hominibus
525 1846 789 1898 indigentibus
817 1847 865 1885 de
890 1861 931 1886 re
957 1847 1139 1887 familiari
1161 1849 1238 1888 im-

99 1902 373 1957 pertiendum3
404 1901 470 1940 sed
488 1900 704 1953 diligenter,
721 1909 838 1954 atque
855 1902 1062 1942 moderate.
1110 1903 1237 1943 Multi

101 1958 208 1998 enim
240 1956 473 2010 patrimonia
505 1954 738 2004 effuderunt,
772 1957 986 1996 inconsulte
1022 1957 1234 2010 largiendo.

101 2013 213 2063 Quid
226 2020 358 2051 autem
377 2018 433 2050 oet
452 2011 621 2059 stultius,
642 2024 777 2063 quam,
799 2011 904 2063 quod
921 2012 1084 2052 libenter
1100 2012 1234 2061 facias,

99 2055 248 2114 curar‘e,
268 2074 314 2105 ut
330 2065 372 2104 id
390 2065 536 2104 diutius
554 2064 678 2105 facere
695 2078 774 2104 non
787 2066 908 2118 possis
922 2069 940 2105 Ρ
968 2068 1106 2119 Atque
1116 2067 1234 2107 etiam

101 2128 319 2176 sequuntur
349 2119 594 2172 largitionem
622 2120 779 2173 rapinae.
827 2120 931 2160 Cum
964 2122 1068 2160 enim
1105 2122 1235 2161 dando

100 2189 211 2230 egere
229 2175 425 2229 ooeperint,
441 2174 575 2214 alienis
589 2175 700 2214 bonis
718 2187 858 2214 manus
876 2175 1011 2215 afferre
1029 2183 1234 2228 eoguntur.

96 2233 174 2283 Ita,
196 2243 301 2281 cum,
327 2229 604 2271 benevolentiae
626 2230 894 2284 comparandae
919 2231 1048 2279 causa,
1069 2230 1232 2271 benefici
