1470 2402
333 89 412 130 DE
442 90 706 141 OFFICIIS,
737 91 837 131 Lm.
859 90 942 130 ΙΙΙ.
973 90 1079 130 ΟΑΡ.
1105 90 1167 128 14.
1233 89 1315 128 309

189 198 266 238 suti
279 199 421 251 potius,
442 200 606 249 obscuri,
627 201 757 249 astuti,
777 200 937 245 fallacis,
958 198 1152 245 malitiosi,
1174 196 1317 243 caIJidi,

186 255 421 303 veteratoris,
437 255 554 293 vafri:
579 255 661 294 haec
680 264 736 294 tot
750 264 787 294 et
806 256 881 293 alia
893 256 1021 307 plura,
1041 265 1168 291 nonne
1182 251 1319 290 inutile

189 315 259 355 est,
281 308 463 347 vitiorum
482 309 610 348 subire
628 310 786 349 nomina
799 312 817 349 Ρ

243 362 364 401 XIV.
393 363 512 411 Quod
531 364 562 402 si
581 364 822 416 vituperandi
848 372 951 411 sunt,
972 363 1041 415 qui
1065 362 1314 408 reticuerunt,

188 416 284 467 quid
303 417 351 455 de
368 417 415 456 iis
428 418 728 457 existimandum
744 427 813 466 αεὶ,
830 418 898 470 qui
913 417 1093 457 orationis
1107 415 1317 454 vanitatem

189 470 480 511 adhibuerunt?
512 472 557 511 C.
575 473 734 521 Canius,
756 486 871 525 eques
891 473 1108 519 Romanus,
1129 483 1198 508 nec
1216 468 1316 506 infa-

187 532 308 574 cetus,
329 533 367 564 et
385 527 475 565 satis
491 526 678 576 literatus,
699 541 789 566 cum
809 540 847 565 se
861 528 1079 578 Syracusas,
1094 523 1239 564 otiandi
1255 527 1318 566 (ut

187 578 269 630 ipse
287 579 411 619 dicere
429 582 589 629 solebat)
605 595 684 620 non
698 581 919 634 negotiandi
933 581 1062 628 causa,
1079 578 1314 623 contulisset,

188 633 401 683 dictitabat,
423 649 462 674 se
480 636 653 676 hortulos
671 637 821 688 aliquos
840 636 937 674 velle
960 648 1099 681 emere,
1121 646 1199 686 quo
1217 631 1317 670 invi-

190 695 270 726 tare
299 690 456 739 amicos,
488 699 525 729 et
557 691 626 730 ubi
657 705 696 730 se
728 692 915 730 oblectare
948 690 1029 728 sine
1057 687 1317 739 interpellato-

189 742 310 792 ribus,
336 753 474 796 posset.
515 745 634 793 Quod
662 759 752 784 cum
776 744 1062 797 percrebuisset,
1092 742 1257 794 Pythius
1283 740 1318 778 ei

189 797 365 849 quidam,
398 799 467 850 qui
498 800 753 851 argentariam
785 800 924 838 faceret
957 797 1168 850 Syracusis,
1202 795 1316 843 dixit,

190 852 342 891 venales
362 853 519 905 quidem
543 868 582 892 se
607 854 736 893 hortos
761 867 839 892 non
864 854 1018 902 habere,
1046 852 1111 891 sed
1129 851 1241 889 licere
1260 848 1318 887 uti

189 905 327 955 Canio,
349 908 380 945 si
397 908 524 955 vellet,
545 916 589 947 ut
608 910 710 948 suis:
741 917 779 948 et
801 908 918 947 simul
943 907 992 946 ad
1018 919 1166 946 coenam
1190 903 1318 942 horni-

188 973 280 999 nem
299 961 339 999 in
358 962 487 1001 hortos
505 963 681 1001 invitavit
698 964 739 1002 in
758 971 954 1015 posterum
973 962 1088 1000 diem.
1128 960 1232 999 Cum
1251 958 1317 996 ine

187 1016 437 1067 promisisset,
456 1026 543 1056 tum
563 1018 728 1069 Pythius
748 1018 834 1070 (qui
857 1025 967 1065 esset,
994 1024 1039 1055 ut
1063 1013 1315 1066 argentarius,

190 1070 298 1121 apud
328 1084 461 1110 omnes
480 1072 631 1111 ordines
649 1073 854 1124 gratiosus)
875 1072 1077 1123 piscatores
1096 1069 1146 1108 ad
1165 1082 1203 1107 se
1227 1079 1318 1106 con-

191 1124 354 1175 vocavit,
385 1134 422 1164 et
440 1128 489 1165 ab
508 1127 568 1165 his
592 1127 741 1179 petivit,
762 1134 806 1165 ut
825 1134 913 1165 ante
933 1139 1020 1164 suos
1039 1123 1212 1163 hortulos
1230 1135 1319 1174 pos-

189 1179 302 1218 tridie
328 1180 590 1232 piscarentur:
622 1182 811 1234 dixitque,
842 1180 937 1233 quid
965 1193 1027 1219 eos
1046 1179 1168 1217 facere
1188 1177 1314 1215 vellet.

191 1234 262 1272 Ad
279 1247 427 1273 coenam
446 1244 618 1287 tempore
637 1236 740 1275 venit
759 1236 904 1275 Canius
920 1250 929 1273 ε
960 1235 1116 1286 opipare
1134 1245 1157 1270 a
1177 1231 1320 1283 Pythio

189 1298 420 1340 apparatum
439 1291 658 1329 convivium
673 1305 683 1329 ι
711 1293 939 1342 cymbarum
958 1298 1048 1327 ante
1066 1287 1195 1326 oculos
1213 1285 1319 1323 mul-

189 1343 338 1382 titudo:
359 1358 430 1396 pro
448 1358 486 1384 se
505 1345 682 1398 quisque,
704 1345 808 1397 quod
826 1352 990 1397 ceperat,
1010 1342 1210 1382 afferebat:
1233 1346 1321 1378 ante

192 1398 308 1449 pedes
328 1398 462 1450 Pythii
479 1400 598 1451 pisces
617 1401 905 1450 abjiciebantur.

246 1452 355 1491 Tum
368 1453 527 1502 Canius,
548 1454 706 1503 Quaeso,
726 1455 868 1506 inquit,
889 1452 985 1505 quid
999 1459 1055 1491 est
1068 1452 1155 1499 hoc,
1172 1447 1320 1501 Pythi?

191 1514 396 1546 tantumne
422 1509 600 1559 piscium,
629 1516 831 1547 tantumne
859 1509 1087 1559 cymbarum
1101 1507 1119 1544 Ρ
1159 1504 1214 1542 Et
1239 1503 1319 1551 ine,

193 1560 304 1609 Quid
322 1563 495 1602 mirum?
521 1563 661 1615 inquit.
692 1563 781 1601 Hoc
799 1563 882 1604 loco
902 1570 971 1609 est,
993 1559 1189 1612 Syracusis
1208 1556 1322 1609 quid-

193 1615 291 1667 quid
307 1624 365 1654 aet
382 1616 570 1667 piscium:
602 1617 684 1656 haec
703 1617 858 1669 aquatio
873 1631 882 1654 :
913 1616 986 1654 hac
1005 1615 1098 1653 villa
1117 1612 1179 1651 isti
1197 1623 1324 1650 carere

193 1683 273 1709 non
291 1678 463 1722 possunt.
506 1672 691 1710 Incensus
710 1671 856 1710 Canius
881 1669 1103 1721 cupiditate,
1129 1665 1324 1706 contendit

194 1738 219 1763 a
251 1724 410 1777 Pythio,
439 1733 484 1763 ut
511 1726 702 1764 venderet.
746 1725 914 1764 Gravate
941 1724 1006 1761 ille
1033 1722 1171 1774 primo.
1213 1719 1323 1768 Quid

193 1779 351 1818 multa?
384 1779 589 1831 impetrat:
616 1779 710 1819 emit
736 1780 854 1818 homo
882 1777 1044 1830 cupidus
1073 1786 1110 1815 et
1136 1775 1322 1826 locuples,

192 1834 305 1881 tanti,
340 1834 477 1886 quanti
509 1834 675 1886 Pythius
709 1834 856 1880 voluit;
896 1841 934 1872 et
966 1832 1060 1871 emit
1088 1831 1292 1869 instructos
1309 1843 1320 1866 ι

190 1888 351 1927 nomina
386 1888 479 1927 facit
495 1903 505 1927 z
550 1889 750 1940 negotium
787 1888 949 1927 conficit.
997 1885 1144 1925 Invitat
1177 1883 1323 1923 Canius

192 1942 375 1994 postridie
393 1943 601 1982 familiares
620 1956 719 1982 suos.
758 1942 879 1981 Venit
906 1942 988 1994 ipse
1014 1949 1177 1978 mature.
1218 1938 1324 1977 Scal-

191 2009 305 2035 mum
323 1997 479 2035 nullum
499 1997 612 2036 videt.
642 1997 794 2045 Quaerit
808 2010 854 2035 ex
870 1996 1048 2048 proximo
1067 1995 1206 2041 vicino,
1226 2005 1325 2030 num

193 2051 300 2090 feriae
331 2052 511 2103 quaedam
543 2052 776 2104 piscatorum
806 2060 943 2098 essent,
973 2049 1078 2102 quod
1107 2062 1169 2088 eos
1197 2046 1326 2085 nullos

194 2105 350 2144 videret.
395 2107 530 2145 Nullae
558 2106 680 2159 (quod
707 2106 858 2153 sciam),
887 2105 1015 2157 inquit
1041 2104 1131 2142 ine:
1167 2101 1232 2140 sed
1259 2101 1326 2139 hic

196 2159 334 2211 piscari
352 2161 452 2199 nulli
471 2161 618 2199 solent:
649 2161 779 2212 itaque
797 2160 880 2199 heri
905 2159 1087 2205 mirabar,
1108 2156 1203 2209 quid
1230 2155 1327 2194 acci·

196 2213 323 2254 disset.
353 2215 592 2255 Stomachari
611 2215 767 2255 Canius.
810 2214 887 2255 Sed
912 2213 1007 2266 quid
1029 2213 1200 2253 faceret?
1229 2211 1327 2248 non‘-
