1470 2402
369 77 450 118 DE
478 75 783 127 AMICITIA,
800 76 908 117 CAP.
928 77 969 117 8.
1155 75 1236 122 375

98 177 240 225 natura
258 193 416 240 totoque
433 187 583 227 mundo
599 193 832 250 constarent,
852 199 1019 240 quaeque
1035 197 1237 225 moveren-

99 248 178 289 tur,
205 254 250 279 ea
279 242 501 281 contrahere
531 242 756 291 amicitiam,
780 242 964 294 dissipare
991 239 1235 280 discordiam.

98 297 236 347 Atque
254 295 327 335 hoc
345 297 503 349 quidem
529 309 663 335 omnes
681 297 863 335 mortales
882 305 920 335 et
936 295 1176 347 intelligunt,
1198 302 1237 333 et

99 360 142 388 re
159 352 336 413 probant.
368 352 522 404 Itaque,
537 352 568 389 si
586 351 742 403 quando
754 351 913 403 aliquod
927 350 1096 390 officium
1118 348 1236 387 exsti-

96 403 144 442 tit
156 405 271 444 amici
282 405 322 443 in
334 406 515 458 periculis
529 414 596 444 aut
610 406 795 445 adeundis
808 414 876 444 aut
887 403 1234 451 communicandis,

97 458 186 510 quis
205 468 275 509 est,
302 461 371 512 qui
389 460 430 498 id
448 474 525 500 non
545 461 728 499 maximis
758 461 888 499 efferat
906 459 1087 499 laudibus
1101 458 1119 495 ’ἓ
1149 458 1233 519 Qui

96 513 282 553 clamores
300 515 381 554 tota
400 528 514 554 cavea
532 528 656 567 nuper
681 515 721 553 in
747 515 908 577 hospitis
932 525 968 553 et
997 513 1111 552 amici
1138 512 1231 560 mei,

98 565 162 606 M.
185 568 360 619 Pacuvii,
380 570 480 608 nova
499 570 661 616 fabula3
693 583 797 618 cum,
817 570 1017 621 ignorante
1032 581 1134 619 rege,
1148 574 1234 605 uter

95 634 229 661 eorum
248 632 344 662 esset
359 623 530 672 Orestes,
548 625 715 676 Pylades
729 624 910 664 Orestem
923 637 963 662 se
977 636 1056 662 esse
1072 622 1231 670 diceret,

96 684 143 714 ut
169 690 240 729 pro
269 679 337 717 illo
367 688 591 724 necaretur;
623 679 780 718 Orestes
810 687 957 727 autem,
978 678 1032 716 ita
1061 685 1106 714 ut
1135 683 1230 737 erat,

97 730 276 771 Orestem
298 746 337 771 se
351 746 431 772 esse
448 734 728 786 perseveraret!
761 734 914 773 Stantes
933 730 1200 784 plaudebant
1190 742 1230 768 111

94 796 136 824 re
153 785 268 825 ficta:
300 787 395 839 quid
423 789 656 827 arbitramur
685 788 727 826 in
761 801 851 826 vera
877 787 995 826 fuisse
1025 786 1228 824 facturos?

95 838 226 879 Facile
243 841 466 881 indicabat
455 855 544 904 ipsa
566 850 706 880 natura
730 843 812 881 vim
838 855 964 889 suam,
986 853 1076 880 cum
1102 839 1230 878 homi-

91 906 174 943 nes,
195 895 299 948 quod
325 896 483 935 facere
472 897 546 949 1psi
569 909 647 935 non
675 905 844 949 possent,
878 896 919 935 id
943 904 1044 934 reete
1073 894 1156 933 fieri
1185 893 1226 931 in

89 949 209 988 altero
224 951 454 1000 judicarent.

145 1003 346 1044 Hactenus
365 1006 463 1044 mihi
481 1006 626 1054 videor,
647 1005 694 1044 de
722 1005 891 1044 amicitia
910 1005 1006 1058 quid
1028 1003 1225 1051 sentirem,

86 1059 256 1110 potuisse
285 1059 420 1099 dicere.
451 1061 573 1112 Siqua
601 1068 785 1112 praeterea
817 1068 908 1098 sunt
934 1058 1064 1102 (credo
1092 1065 1225 1096 autem

87 1125 168 1151 esse
187 1114 344 1176 multa),
378 1116 428 1153 ab
446 1114 508 1164 iis,
529 1115 561 1153 si
580 1114 786 1163 videbitur,
811 1115 880 1167 qui
910 1114 985 1153 ista
1009 1113 1225 1166 disputant,

86 1167 299 1219 quaeritote.

139 1224 336 1263 Fannius.
379 1224 466 1263 Nos
496 1231 628 1263 autem
662 1237 686 1263 a
716 1231 754 1263 te
783 1224 941 1276 potius;
983 1233 1226 1284 quamquam

86 1276 201 1316 etiam
223 1279 273 1317 ab
291 1279 375 1318 istis
395 1292 495 1331 saepe
523 1279 698 1332 quaesivi,
727 1287 764 1318 et
790 1278 937 1325 audivi,
970 1290 1047 1316 non
1081 1276 1228 1315 invitus

85 1332 294 1384 equidem.
326 1333 392 1373 sed
417 1333 525 1372 aliud
545 1333 742 1386 quoddam
763 1333 981 1386 expetimus
1007 1332 1119 1370 filum
1139 1343 1226 1370 ora-

83 1385 199 1425 tionis
217 1395 307 1427 tuae.
366 1390 471 1427 Scaet
472 1390 552 1427 ola.
583 1388 692 1426 Tum
707 1389 832 1440 magis
851 1388 892 1426 id
906 1388 1063 1434 diceres,
1077 1386 1110 1424 F
1113 1397 1222 1433 anm,

83 1440 116 1479 si
144 1453 267 1494 nuper
294 1443 335 1480 in
363 1443 483 1481 hortis
512 1442 716 1495 Scipionis,
740 1455 832 1481 cum
862 1450 918 1481 est
947 1441 995 1480 de
1025 1439 1224 1502 republica

83 1494 340 1547 disputatum,
361 1497 546 1536 affuissem
594 1497 737 1545 Qualis
755 1504 841 1535 tum
860 1505 1046 1548 patronus
1062 1493 1223 1544 justitiae

84 1549 161 1587 fuit
178 1558 311 1589 contra
334 1559 553 1590 accuratam
582 1552 796 1589 orationem
830 1550 964 1589 Phili!
1023 1551 1222 1588 Fannius.

87 1603 219 1643 Facile
237 1604 278 1643 id
302 1605 461 1658 quidem
480 1606 572 1652 fuit,
600 1606 794 1655 justitiam
816 1605 1030 1655 justissimo
1055 1603 1137 1641 viro
1156 1601 1225 1640 de-

86 1658 254 1698 fendere.
313 1662 500 1698 Scaevola.
531 1659 642 1708 Quid
670 1659 881 1698 amicitiam
898 1661 916 1698 ’ἓ
957 1670 1087 1697 11011110
1109 1656 1223 1695 facile

87 1713 136 1760 ei,
161 1713 231 1765 qui
256 1715 306 1753 ob
336 1727 422 1753 eam
446 1715 602 1753 summa
620 1713 711 1762 fide,
741 1713 970 1763 constantia,
993 1711 1223 1763 justitiaque

87 1775 292 1818 servatam,
312 1769 529 1807 maximam
547 1768 711 1820 gloriam
730 1767 902 1820 ceperit?

138 1822 266 1862 vul.
289 1824 453 1861 Laelius.
475 1823 572 1862 Vim
591 1822 664 1862 hoc
676 1822 835 1874 quidem
848 1830 904 1861 est
915 1821 1063 1861 afferre.
1107 1818 1219 1868 Quid

85 1875 190 1915 enim
217 1877 345 1925 refert,
367 1891 446 1930 qua
479 1889 543 1916 me
576 1877 723 1916 ratione
748 1877 926 1939 cogatis?
956 1876 1090 1927 cogitis
1109 1881 1221 1913 certe.

88 1930 235 1970 Studiis
254 1932 358 1970 enim
376 1944 621 1983 generorum,
641 1932 853 1983 praesertim
873 1931 914 1969 in
934 1944 974 1969 re
993 1930 1110 1978 bona,
1131 1940 1221 1967 cum

87 1985 242 2024 difficile
261 1994 330 2034 est,
352 1994 438 2025 tum
457 1999 505 2024 ne
524 1999 682 2038 aequum
702 1985 876 2051 quidem,
901 1986 1093 2025 obsistere.

143 2040 385 2092 Saepissime
375 2040 494 2092 igitur
507 2040 619 2089 mihi,
641 2040 688 2078 de
703 2040 873 2080 amicitia
885 2039 1081 2092 cogitanti,
1094 2036 1223 2076 maxi-

87 2107 152 2132 me
177 2094 278 2133 illud
305 2095 626 2134 considerandum
655 2094 778 2133 videri
806 2095 915 2144 solet,
935 2107 1048 2142 1111111,
1067 2099 1223 2145 propter

83 2148 387 2189 imbecillitatem
401 2157 518 2202 atque
535 2149 723 2202 inopiam,
738 2149 952 2188 desiderata
965 2148 1014 2188 sit
1025 2146 1221 2191 amicitia3

82 2210 143 2253 ut,
169 2203 308 2244 dandis
325 2204 631 2258 recipiendisque
658 2203 820 2253 meritis,
840 2203 947 2257 quod
965 2203 1130 2256 quisque
1149 2199 1224 2239 mi-
