<?xml version="1.0" encoding="UTF-8"?>
<!DOCTYPE html PUBLIC "-//W3C//DTD XHTML 1.0 Transitional//EN"
    "http://www.w3.org/TR/xhtml1/DTD/xhtml1-transitional.dtd">
<html xmlns="http://www.w3.org/1999/xhtml" xml:lang="en" lang="en">
 <head>
  <title>
</title>
<meta http-equiv="Content-Type" content="text/html;charset=utf-8" />
  <meta name='ocr-system' content='tesseract 3.04.00' />
  <meta name='ocr-capabilities' content='ocr_page ocr_carea ocr_par ocr_line ocrx_word'/>
</head>
<body>
  <div class='ocr_page' id='page_1' title='image "./operaern04ciceuoft_0066.png"; bbox 0 0 1470 2402; ppageno 0'>
   <div class='ocr_carea' id='block_1_1' title="bbox 215 129 1219 181">
    <p class='ocr_par' dir='ltr' id='par_1_1' title="bbox 215 129 1219 181">
     <span class='ocr_line' id='line_1_1' title="bbox 215 129 1219 181; baseline 0.001 -12"><span class='ocrx_word' id='word_1_1' title='bbox 215 131 266 169; x_wconf 79' lang='lat'>52</span> <span class='ocrx_word' id='word_1_2' title='bbox 321 129 400 170; x_wconf 90' lang='lat' dir='ltr'>DE</span> <span class='ocrx_word' id='word_1_3' title='bbox 420 129 836 181; x_wconf 84' lang='lat' dir='ltr'>DIVINATIONE,</span> <span class='ocrx_word' id='word_1_4' title='bbox 856 130 957 171; x_wconf 78' lang='lat' dir='ltr'>Lm.</span> <span class='ocrx_word' id='word_1_5' title='bbox 976 129 1012 171; x_wconf 91' lang='lat'>1.</span> <span class='ocrx_word' id='word_1_6' title='bbox 1032 129 1138 173; x_wconf 74' lang='lat' dir='ltr'>CAP.</span> <span class='ocrx_word' id='word_1_7' title='bbox 1154 131 1219 170; x_wconf 89' lang='grc'>58.</span> 
     </span>
    </p>
   </div>
   <div class='ocr_carea' id='block_1_2' title="bbox 271 237 1338 923">
    <p class='ocr_par' dir='ltr' id='par_1_2' title="bbox 271 237 1273 291">
     <span class='ocr_line' id='line_1_2' title="bbox 271 237 1273 291; baseline 0.002 -15"><span class='ocrx_word' id='word_1_8' title='bbox 271 239 301 260; x_wconf 88' lang='lat'><strong>“</strong></span> <span class='ocrx_word' id='word_1_9' title='bbox 318 238 410 276; x_wconf 88' lang='lat' dir='ltr'>Non</span> <span class='ocrx_word' id='word_1_10' title='bbox 427 238 549 278; x_wconf 87' lang='lat' dir='ltr'>habeo</span> <span class='ocrx_word' id='word_1_11' title='bbox 566 238 729 291; x_wconf 81' lang='lat' dir='ltr'>denique</span> <span class='ocrx_word' id='word_1_12' title='bbox 746 239 858 278; x_wconf 88' lang='lat' dir='ltr'>nauci</span> <span class='ocrx_word' id='word_1_13' title='bbox 876 237 1055 278; x_wconf 80' lang='lat' dir='ltr'>Marsum</span> <span class='ocrx_word' id='word_1_14' title='bbox 1073 250 1273 291; x_wconf 70' lang='lat' dir='ltr'>augurem,</span> 
     </span>
    </p>

    <p class='ocr_par' dir='ltr' id='par_1_3' title="bbox 273 291 1291 344">
     <span class='ocr_line' id='line_1_3' title="bbox 273 291 1291 344; baseline 0.001 -14"><span class='ocrx_word' id='word_1_15' title='bbox 273 291 366 330; x_wconf 90' lang='lat' dir='ltr'>Non</span> <span class='ocrx_word' id='word_1_16' title='bbox 383 293 532 331; x_wconf 83' lang='lat' dir='ltr'>vicanos</span> <span class='ocrx_word' id='word_1_17' title='bbox 549 293 778 344; x_wconf 87' lang='lat' dir='ltr'>haruspices,</span> <span class='ocrx_word' id='word_1_18' title='bbox 797 305 875 331; x_wconf 91' lang='lat' dir='ltr'>non</span> <span class='ocrx_word' id='word_1_19' title='bbox 893 293 940 331; x_wconf 89' lang='lat' dir='ltr'>de</span> <span class='ocrx_word' id='word_1_20' title='bbox 958 294 1053 332; x_wconf 84' lang='lat' dir='ltr'>circo</span> <span class='ocrx_word' id='word_1_21' title='bbox 1071 293 1291 344; x_wconf 79' lang='lat' dir='ltr'>astrologOS,</span> 
     </span>
    </p>

    <p class='ocr_par' dir='ltr' id='par_1_4' title="bbox 273 346 1329 398">
     <span class='ocr_line' id='line_1_4' title="bbox 273 346 1329 398; baseline 0.001 -15"><span class='ocrx_word' id='word_1_22' title='bbox 273 346 367 384; x_wconf 87' lang='lat' dir='ltr'>Non</span> <span class='ocrx_word' id='word_1_23' title='bbox 386 346 524 385; x_wconf 88' lang='lat' dir='ltr'>Isiacos</span> <span class='ocrx_word' id='word_1_24' title='bbox 542 348 780 397; x_wconf 81' lang='lat' dir='ltr'>conjectores,</span> <span class='ocrx_word' id='word_1_25' title='bbox 799 360 877 385; x_wconf 88' lang='lat' dir='ltr'>non</span> <span class='ocrx_word' id='word_1_26' title='bbox 892 347 1111 398; x_wconf 86' lang='lat' dir='ltr'><strong>interpretes</strong></span> <span class='ocrx_word' id='word_1_27' title='bbox 1125 346 1329 385; x_wconf 68' lang='lat' dir='ltr'>somnium.</span> 
     </span>
    </p>

    <p class='ocr_par' dir='ltr' id='par_1_5' title="bbox 277 400 1238 448">
     <span class='ocr_line' id='line_1_5' title="bbox 277 400 1238 448; baseline 0 -10"><span class='ocrx_word' id='word_1_28' title='bbox 277 400 371 438; x_wconf 85' lang='lat' dir='ltr'>Non</span> <span class='ocrx_word' id='word_1_29' title='bbox 390 401 492 438; x_wconf 84' lang='lat' dir='ltr'>enim</span> <span class='ocrx_word' id='word_1_30' title='bbox 511 410 600 439; x_wconf 89' lang='lat' dir='ltr'>sunt</span> <span class='ocrx_word' id='word_1_31' title='bbox 617 401 645 438; x_wconf 90' lang='grc'>11</span> <span class='ocrx_word' id='word_1_32' title='bbox 664 409 730 439; x_wconf 88' lang='lat' dir='ltr'>aut</span> <span class='ocrx_word' id='word_1_33' title='bbox 749 401 904 439; x_wconf 84' lang='lat' dir='ltr'>scientia</span> <span class='ocrx_word' id='word_1_34' title='bbox 922 409 989 439; x_wconf 86' lang='lat' dir='ltr'>aut</span> <span class='ocrx_word' id='word_1_35' title='bbox 1006 408 1086 439; x_wconf 86' lang='lat' dir='ltr'>arte</span> <span class='ocrx_word' id='word_1_36' title='bbox 1104 400 1238 448; x_wconf 84' lang='lat' dir='ltr'>divini,</span> 
     </span>
    </p>

    <p class='ocr_par' dir='ltr' id='par_1_6' title="bbox 276 453 1251 506">
     <span class='ocr_line' id='line_1_6' title="bbox 276 453 1251 506; baseline 0.001 -15"><span class='ocrx_word' id='word_1_37' title='bbox 276 453 352 492; x_wconf 86' lang='lat' dir='ltr'>Sed</span> <span class='ocrx_word' id='word_1_38' title='bbox 370 454 614 505; x_wconf 86' lang='lat' dir='ltr'>superstitiosi</span> <span class='ocrx_word' id='word_1_39' title='bbox 632 462 749 503; x_wconf 85' lang='lat' dir='ltr'>vates,</span> <span class='ocrx_word' id='word_1_40' title='bbox 769 454 1085 506; x_wconf 82' lang='lat' dir='ltr'>impudentesque</span> <span class='ocrx_word' id='word_1_41' title='bbox 1101 453 1251 502; x_wconf 86' lang='lat' dir='ltr'>harioli,</span> 
     </span>
    </p>

    <p class='ocr_par' dir='ltr' id='par_1_7' title="bbox 277 508 1335 600">
     <span class='ocr_line' id='line_1_7' title="bbox 277 508 1335 561; baseline 0.001 -15"><span class='ocrx_word' id='word_1_42' title='bbox 277 508 364 546; x_wconf 92' lang='lat' dir='ltr'>Aut</span> <span class='ocrx_word' id='word_1_43' title='bbox 387 508 537 557; x_wconf 86' lang='lat' dir='ltr'>inertes,</span> <span class='ocrx_word' id='word_1_44' title='bbox 565 517 631 547; x_wconf 85' lang='lat' dir='ltr'>aut</span> <span class='ocrx_word' id='word_1_45' title='bbox 657 508 793 557; x_wconf 88' lang='lat' dir='ltr'>insani,</span> <span class='ocrx_word' id='word_1_46' title='bbox 813 516 880 547; x_wconf 86' lang='lat' dir='ltr'>aut</span> <span class='ocrx_word' id='word_1_47' title='bbox 897 509 1036 561; x_wconf 85' lang='lat' dir='ltr'>quibus</span> <span class='ocrx_word' id='word_1_48' title='bbox 1055 515 1197 560; x_wconf 77' lang='lat' dir='ltr'>egestas</span> <span class='ocrx_word' id='word_1_49' title='bbox 1213 508 1335 560; x_wconf 85' lang='lat' dir='ltr'>impe-</span> 
     </span>
     <span class='ocr_line' id='line_1_8' title="bbox 385 570 455 600; baseline 0.014 -1"><span class='ocrx_word' id='word_1_50' title='bbox 385 570 455 600; x_wconf 79' lang='lat' dir='ltr'>rat.</span> 
     </span>
    </p>

    <p class='ocr_par' dir='ltr' id='par_1_8' title="bbox 277 614 1337 708">
     <span class='ocr_line' id='line_1_9' title="bbox 277 614 1337 677; baseline 0.002 -24"><span class='ocrx_word' id='word_1_51' title='bbox 277 615 361 663; x_wconf 82' lang='lat' dir='ltr'>Qui</span> <span class='ocrx_word' id='word_1_52' title='bbox 390 616 462 677; x_wconf 67' lang='lat' dir='ltr'>sibi</span> <span class='ocrx_word' id='word_1_53' title='bbox 486 615 660 654; x_wconf 79' lang='lat' dir='ltr'>semitam</span> <span class='ocrx_word' id='word_1_54' title='bbox 689 628 765 655; x_wconf 92' lang='lat' dir='ltr'>non</span> <span class='ocrx_word' id='word_1_55' title='bbox 794 614 960 668; x_wconf 85' lang='lat' dir='ltr'>sapiunt,</span> <span class='ocrx_word' id='word_1_56' title='bbox 989 615 1096 655; x_wconf 84' lang='lat' dir='ltr'>alteri</span> <span class='ocrx_word' id='word_1_57' title='bbox 1123 623 1337 655; x_wconf 84' lang='lat' dir='ltr'>monstrant</span> 
     </span>
     <span class='ocr_line' id='line_1_10' title="bbox 386 683 512 708; baseline -0.008 0"><span class='ocrx_word' id='word_1_58' title='bbox 386 683 512 708; x_wconf 77' lang='lat' dir='ltr'>viam:</span> 
     </span>
    </p>

    <p class='ocr_par' dir='ltr' id='par_1_9' title="bbox 278 722 1335 776">
     <span class='ocr_line' id='line_1_11' title="bbox 278 722 1335 776; baseline 0.003 -16"><span class='ocrx_word' id='word_1_59' title='bbox 278 722 434 770; x_wconf 86' lang='lat' dir='ltr'>Quibus</span> <span class='ocrx_word' id='word_1_60' title='bbox 460 723 609 762; x_wconf 85' lang='lat' dir='ltr'>divitias</span> <span class='ocrx_word' id='word_1_61' title='bbox 632 723 871 775; x_wconf 81' lang='lat' dir='ltr'>pollicentur,</span> <span class='ocrx_word' id='word_1_62' title='bbox 892 725 941 763; x_wconf 87' lang='lat' dir='ltr'>ab</span> <span class='ocrx_word' id='word_1_63' title='bbox 959 724 1004 763; x_wconf 88' lang='lat' dir='ltr'>iis</span> <span class='ocrx_word' id='word_1_64' title='bbox 1022 723 1244 763; x_wconf 82' lang='lat' dir='ltr'>drachmam</span> <span class='ocrx_word' id='word_1_65' title='bbox 1261 723 1335 776; x_wconf 86' lang='lat' dir='ltr'>ipsi</span> 
     </span>
    </p>

    <p class='ocr_par' dir='ltr' id='par_1_10' title="bbox 415 784 532 814">
     <span class='ocr_line' id='line_1_12' title="bbox 415 784 532 814; baseline 0 0"><span class='ocrx_word' id='word_1_66' title='bbox 415 784 532 814; x_wconf 82' lang='lat' dir='ltr'>etunt.</span> 
     </span>
    </p>

    <p class='ocr_par' dir='ltr' id='par_1_11' title="bbox 279 790 1338 902">
     <span class='ocr_line' id='line_1_13' title="bbox 279 790 1338 902; baseline 0.003 -34"><span class='ocrx_word' id='word_1_67' title='bbox 279 829 343 868; x_wconf 89' lang='lat' dir='ltr'>De</span> <span class='ocrx_word' id='word_1_68' title='bbox 366 790 425 868; x_wconf 61' lang='lat' dir='ltr'>hlis</span> <span class='ocrx_word' id='word_1_69' title='bbox 450 831 589 902; x_wconf 64' lang='lat' dir='ltr'>divitiis</span> <span class='ocrx_word' id='word_1_70' title='bbox 615 830 687 869; x_wconf 87' lang='lat' dir='ltr'>sibi</span> <span class='ocrx_word' id='word_1_71' title='bbox 710 829 899 870; x_wconf 81' lang='lat' dir='ltr'>deducant</span> <span class='ocrx_word' id='word_1_72' title='bbox 923 831 1158 881; x_wconf 79' lang='lat' dir='ltr'><strong>drachmam,</strong></span> <span class='ocrx_word' id='word_1_73' title='bbox 1177 830 1338 870; x_wconf 83' lang='lat' dir='ltr'>reddant</span> 
     </span>
    </p>

    <p class='ocr_par' dir='ltr' id='par_1_12' title="bbox 385 892 531 923">
     <span class='ocr_line' id='line_1_14' title="bbox 385 892 531 923; baseline -0.007 0"><span class='ocrx_word' id='word_1_74' title='bbox 385 892 531 923; x_wconf 86' lang='lat' dir='ltr'>caetera.</span> 
     </span>
    </p>
   </div>
   <div class='ocr_carea' id='block_1_3' title="bbox 228 972 1339 1353">
    <p class='ocr_par' dir='ltr' id='par_1_13' title="bbox 228 972 1339 1353">
     <span class='ocr_line' id='line_1_15' title="bbox 228 972 1338 1026; baseline 0 -14"><span class='ocrx_word' id='word_1_75' title='bbox 228 972 362 1026; x_wconf 78' lang='lat' dir='ltr'>Atque</span> <span class='ocrx_word' id='word_1_76' title='bbox 386 973 468 1012; x_wconf 88' lang='lat' dir='ltr'>haec</span> <span class='ocrx_word' id='word_1_77' title='bbox 493 973 649 1025; x_wconf 90' lang='lat' dir='ltr'>quidem</span> <span class='ocrx_word' id='word_1_78' title='bbox 667 973 833 1021; x_wconf 84' lang='lat' dir='ltr'>Ennius,</span> <span class='ocrx_word' id='word_1_79' title='bbox 857 973 939 1024; x_wconf 92' lang='lat' dir='ltr'>qui,</span> <span class='ocrx_word' id='word_1_80' title='bbox 959 972 1088 1024; x_wconf 87' lang='lat' dir='ltr'>paucis</span> <span class='ocrx_word' id='word_1_81' title='bbox 1112 980 1201 1011; x_wconf 86' lang='lat' dir='ltr'>ante</span> <span class='ocrx_word' id='word_1_82' title='bbox 1223 972 1338 1013; x_wconf 83' lang='lat' dir='ltr'>versi-</span> 
     </span>
     <span class='ocr_line' id='line_1_16' title="bbox 228 1027 1337 1078; baseline 0 -12"><span class='ocrx_word' id='word_1_83' title='bbox 228 1030 316 1075; x_wconf 86' lang='lat' dir='ltr'>bus,</span> <span class='ocrx_word' id='word_1_84' title='bbox 345 1041 423 1066; x_wconf 88' lang='lat' dir='ltr'>esse</span> <span class='ocrx_word' id='word_1_85' title='bbox 441 1027 545 1066; x_wconf 89' lang='lat' dir='ltr'>Deos</span> <span class='ocrx_word' id='word_1_86' title='bbox 564 1035 713 1073; x_wconf 78' lang='lat' dir='ltr'>censet3</span> <span class='ocrx_word' id='word_1_87' title='bbox 743 1027 808 1065; x_wconf 90' lang='lat' dir='ltr'>sed</span> <span class='ocrx_word' id='word_1_88' title='bbox 826 1039 887 1065; x_wconf 93' lang='lat' dir='ltr'>eos</span> <span class='ocrx_word' id='word_1_89' title='bbox 904 1038 981 1065; x_wconf 91' lang='lat' dir='ltr'>non</span> <span class='ocrx_word' id='word_1_90' title='bbox 1000 1039 1129 1065; x_wconf 87' lang='lat' dir='ltr'>curare</span> <span class='ocrx_word' id='word_1_91' title='bbox 1146 1027 1337 1078; x_wconf 86' lang='lat' dir='ltr'>opinatur,</span> 
     </span>
     <span class='ocr_line' id='line_1_17' title="bbox 229 1080 1339 1133; baseline 0.001 -14"><span class='ocrx_word' id='word_1_92' title='bbox 229 1081 324 1133; x_wconf 85' lang='lat' dir='ltr'>quid</span> <span class='ocrx_word' id='word_1_93' title='bbox 342 1089 430 1132; x_wconf 83' lang='lat' dir='ltr'>agat</span> <span class='ocrx_word' id='word_1_94' title='bbox 447 1081 662 1119; x_wconf 88' lang='lat' dir='ltr'>humanum</span> <span class='ocrx_word' id='word_1_95' title='bbox 681 1093 811 1131; x_wconf 88' lang='lat' dir='ltr'>genus.</span> <span class='ocrx_word' id='word_1_96' title='bbox 845 1080 933 1131; x_wconf 87' lang='lat' dir='ltr'>Ego</span> <span class='ocrx_word' id='word_1_97' title='bbox 951 1088 1092 1129; x_wconf 83' lang='lat' dir='ltr'>autem,</span> <span class='ocrx_word' id='word_1_98' title='bbox 1119 1081 1186 1132; x_wconf 92' lang='lat' dir='ltr'>qui</span> <span class='ocrx_word' id='word_1_99' title='bbox 1212 1088 1249 1119; x_wconf 91' lang='lat' dir='ltr'>et</span> <span class='ocrx_word' id='word_1_100' title='bbox 1272 1095 1339 1120; x_wconf 78' lang='lat' dir='ltr'>eu-</span> 
     </span>
     <span class='ocr_line' id='line_1_18' title="bbox 230 1134 1338 1186; baseline 0 -13"><span class='ocrx_word' id='word_1_101' title='bbox 230 1148 314 1173; x_wconf 83' lang='lat' dir='ltr'>r-are</span> <span class='ocrx_word' id='word_1_102' title='bbox 332 1135 504 1182; x_wconf 84' lang='lat' dir='ltr'>arbitror,</span> <span class='ocrx_word' id='word_1_103' title='bbox 534 1142 571 1173; x_wconf 90' lang='lat' dir='ltr'>et</span> <span class='ocrx_word' id='word_1_104' title='bbox 589 1147 741 1173; x_wconf 88' lang='lat' dir='ltr'>monere</span> <span class='ocrx_word' id='word_1_105' title='bbox 766 1134 894 1182; x_wconf 86' lang='lat' dir='ltr'>etiam,</span> <span class='ocrx_word' id='word_1_106' title='bbox 924 1147 968 1172; x_wconf 86' lang='lat' dir='ltr'>ac</span> <span class='ocrx_word' id='word_1_107' title='bbox 984 1134 1108 1173; x_wconf 82' lang='lat' dir='ltr'>multa</span> <span class='ocrx_word' id='word_1_108' title='bbox 1124 1134 1338 1186; x_wconf 72' lang='lat' dir='ltr'>praedicere,</span> 
     </span>
     <span class='ocr_line' id='line_1_19' title="bbox 230 1187 1339 1240; baseline 0 -14"><span class='ocrx_word' id='word_1_109' title='bbox 230 1189 396 1237; x_wconf 86' lang='lat' dir='ltr'>levitate,</span> <span class='ocrx_word' id='word_1_110' title='bbox 412 1188 591 1236; x_wconf 85' lang='lat' dir='ltr'>vanitate,</span> <span class='ocrx_word' id='word_1_111' title='bbox 610 1188 759 1226; x_wconf 63' lang='lat' dir='ltr'>malitia</span> <span class='ocrx_word' id='word_1_112' title='bbox 777 1187 944 1234; x_wconf 66' lang='lat' dir='ltr'>exclusa,</span> <span class='ocrx_word' id='word_1_113' title='bbox 964 1187 1233 1227; x_wconf 79' lang='lat' dir='ltr'>divinationem</span> <span class='ocrx_word' id='word_1_114' title='bbox 1251 1201 1339 1240; x_wconf 70' lang='lat' dir='ltr'>pro..</span> 
     </span>
     <span class='ocr_line' id='line_1_20' title="bbox 230 1241 1324 1295; baseline 0.002 -15"><span class='ocrx_word' id='word_1_115' title='bbox 230 1243 295 1286; x_wconf 60' lang='lat' dir='ltr'>boz</span> <span class='ocrx_word' id='word_1_116' title='bbox 325 1242 425 1289; x_wconf 86' lang='lat' dir='ltr'>Quae</span> <span class='ocrx_word' id='word_1_117' title='bbox 439 1255 527 1280; x_wconf 88' lang='lat' dir='ltr'>cum</span> <span class='ocrx_word' id='word_1_118' title='bbox 541 1242 696 1280; x_wconf 82' lang='lat' dir='ltr'>dixisset</span> <span class='ocrx_word' id='word_1_119' title='bbox 714 1241 897 1291; x_wconf 83' lang='lat' dir='ltr'>Quintus,</span> <span class='ocrx_word' id='word_1_120' title='bbox 913 1241 1099 1281; x_wconf 85' lang='lat' dir='ltr'>Praeclare</span> <span class='ocrx_word' id='word_1_121' title='bbox 1110 1249 1153 1281; x_wconf 87' lang='lat' dir='ltr'>tu</span> <span class='ocrx_word' id='word_1_122' title='bbox 1168 1242 1324 1295; x_wconf 77' lang='lat' dir='ltr'>quidem</span> 
     </span>
     <span class='ocr_line' id='line_1_21' title="bbox 231 1295 708 1353; baseline -0.002 -18"><span class='ocrx_word' id='word_1_123' title='bbox 231 1295 405 1353; x_wconf 82' lang='lat' dir='ltr'>inquam,</span> <span class='ocrx_word' id='word_1_124' title='bbox 425 1304 579 1349; x_wconf 83' lang='lat' dir='ltr'>paratus</span> <span class='ocrx_word' id='word_1_125' title='bbox 599 1296 620 1316; x_wconf 78' lang='lat'>¹*</span> <span class='ocrx_word' id='word_1_126' title='bbox 642 1296 664 1316; x_wconf 69' lang='lat'>¹</span> <span class='ocrx_word' id='word_1_127' title='bbox 687 1295 708 1316; x_wconf 72' lang='lat'>¹</span> 
     </span>
    </p>
   </div>
   <div class='ocr_carea' id='block_1_4' title="bbox 500 1370 989 1422">
    <p class='ocr_par' dir='ltr' id='par_1_14' title="bbox 500 1370 989 1422">
     <span class='ocr_line' id='line_1_22' title="bbox 500 1370 989 1422; baseline -0.002 -12"><span class='ocrx_word' id='word_1_128' title='bbox 500 1371 653 1415; x_wconf 78' lang='lat' dir='ltr'>Desunt</span> <span class='ocrx_word' id='word_1_129' title='bbox 663 1380 791 1422; x_wconf 75' lang='lat' dir='ltr'>pauca</span> <span class='ocrx_word' id='word_1_130' title='bbox 809 1370 989 1422; x_wconf 68' lang='lat' dir='ltr'>quaedam.</span> 
     </span>
    </p>
   </div>
  </div>
 </body>
</html>
