1470 2402
227 55 310 101 376
502 58 582 99 DE
609 59 911 112 AMICITIA,
923 61 1031 102 CAP.
1051 63 1091 103 9.

229 177 305 204 nus
323 179 393 219 per
410 180 450 206 se
466 168 548 222 ipse
572 178 712 223 posset,
733 171 774 210 id
792 171 978 224 acciperet
995 172 1045 210 ab
1063 169 1154 218 alio,
1173 178 1358 209 nasum-

230 233 308 272 que
330 221 529 270 redderet3
561 238 611 263 an
630 234 726 264 esset
743 226 816 264 hoc
835 225 992 278 quidem
1011 224 1210 277 proprium
1227 233 1362 288 Q*

230 274 296 313 tiae
309 289 322 320 ς
353 276 418 315 sed
431 279 637 330 antiquior,
653 288 691 318 et
705 280 914 333 pulchrior,
927 287 966 318 et
978 279 1103 330 magis
1115 292 1140 317 a
1152 284 1363 338 natura-1?

231 329 276 367 sa
295 330 478 381 profecta,
499 334 575 372 alia
592 347 717 372 causa.
746 335 875 374 Amor
894 335 997 373 enim
1017 337 1083 377 (ex
1100 345 1179 385 quo
1192 338 1361 394 almum

230 384 446 433 nominata)
466 387 640 440 princeps
660 397 716 427 est
734 389 783 427 ad
801 388 1104 428 benevolentiam
1123 395 1360 447 conjungen-

230 437 335 477 dam.
368 440 472 479 Nam
494 443 678 482 utilitates
696 443 855 495 quidem
869 444 986 482 etiam
1011 444 1060 481 ab
1079 442 1125 480 iis
1138 450 1357 493 percipiun-

232 498 298 530 tur
330 506 443 546 saepe,
465 497 532 547 qui
552 497 796 536 simulatione
818 497 998 536 amicitiae
1022 497 1201 536 coluntur
1226 501 1265 532 et
1288 493 1358 554 pli-

231 556 431 587 servantur
457 552 572 589 causa
600 552 807 604 temporis:
839 552 879 590 in
899 551 1068 590 amicitia
1094 557 1240 596 autem,
1258 546 1357 608 tuh-ll

231 600 382 649 fictum,
403 603 501 642 nihil
520 605 771 644 simulatum:
803 614 854 654 et,
875 605 1066 658 quidquid
1083 605 1125 643 in
1150 604 1196 642 ea
1220 609 1291 650 oet,
1320 599 1362 640 ld

232 663 290 693 est
311 669 445 696 verum
465 666 503 697 et
521 660 827 703 voluntarium-a
1144 712 1153 720 ⁶

287 709 550 765 Quapropter,
571 727 593 752 a
612 715 751 753 natura
778 715 877 754 mihi
899 714 1050 754 videtur
1075 721 1218 766 potius,
1237 722 1358 771 quam

233 764 282 802 ab
315 765 542 817 indigentia,
573 776 657 807 orta
681 770 864 817 amicitia,
891 778 928 808 et
960 768 1212 828 applicatione
1239 777 1363 827 magle

232 818 355 857 animi
367 833 456 859 cum
476 822 645 874 quodam
665 836 776 862 sensu
796 824 966 872 amandi,
983 836 1102 875 quam
1120 829 1362 880 cogitationg,

231 882 427 924 quantum
446 876 513 914 illa
532 890 590 915 res
609 878 786 916 utilitatis
805 886 901 917 esset
918 878 1108 916 habitura.
1138 875 1257 924 Quod
1275 885 1363 926 qul-

231 926 322 965 dem
342 929 456 981 quale
475 931 536 978 sit,
565 931 681 970 etiam
705 932 745 970 in
774 933 903 970 bestiis
928 931 1161 984 quibusdam
1186 926 1363 969 animad-

233 982 329 1020 verti
348 991 472 1034 potest
488 999 500 1030 ς
531 999 619 1037 quae
631 999 678 1024 ex
698 999 737 1024 se
756 995 864 1025 natos
882 987 938 1025 ita
955 994 1088 1025 amant
1102 985 1152 1024 ad
1165 983 1361 1037 quoddam

234 1041 402 1087 tempus,
424 1047 461 1077 et
481 1041 529 1078 ab
550 1040 602 1078 eis
621 1040 675 1078 ita
697 1049 890 1088 amantur,
916 1048 961 1078 ut
984 1040 1095 1078 facile
1121 1051 1254 1081 mrum
1276 1048 1362 1099 sen·

230 1102 297 1128 sus
312 1102 492 1143 appareat
509 1108 518 1131 :
542 1095 660 1146 quod,
677 1095 716 1132 in
729 1095 899 1142 homine,
914 1095 1040 1133 multo
1054 1102 1111 1133 εει
1123 1093 1334 1132 evidentius
1347 1103 1359 1128 ε

231 1143 419 1194 primum,
441 1160 487 1185 ex
504 1148 549 1186 ea
567 1149 737 1198 caritate,
758 1163 845 1201 quae
864 1157 920 1188 est
938 1149 1037 1187 inter
1055 1156 1164 1187 natos
1175 1154 1213 1186 et
1225 1157 1362 1199 paren·

230 1204 314 1243 teng
345 1212 433 1251 quae
451 1201 594 1248 dirimi,
615 1203 689 1241 nisi
707 1203 923 1242 detestabili
940 1203 1092 1249 scelere,
1111 1214 1190 1241 non
1208 1206 1333 1262 potest
1345 1213 1357 1237 ε

231 1250 385 1301 deinde,
401 1267 491 1293 cum
505 1257 640 1295 similis
659 1270 790 1296 sensus
809 1257 954 1297 exstitit
971 1257 1126 1303 amoris,
1146 1256 1178 1295 si
1191 1256 1360 1307 aliquem

232 1307 336 1345 nacti
354 1321 502 1356 sumus,
523 1312 634 1360 cujus
653 1324 743 1350 cum
762 1313 935 1353 moribus
954 1319 992 1350 et
1010 1311 1149 1350 natura
1174 1321 1360 1371 congrua-

231 1371 336 1409 mus,
365 1363 470 1414 quod
487 1364 528 1402 in
557 1378 600 1403 eo
623 1366 733 1417 quasi
758 1366 892 1405 lumen
917 1365 1075 1418 aliquod
1099 1366 1300 1417 probitatis
1323 1369 1363 1401 et

231 1413 384 1454 virtutis
403 1419 614 1470 perspicere
633 1420 844 1458 videamur.

288 1469 401 1509 Nihil
416 1480 472 1510 est
486 1474 589 1511 enim
609 1474 814 1513 amabilius
833 1475 974 1513 virtute
988 1488 1001 1521 ς
1032 1473 1144 1522 nihil,
1158 1472 1263 1525 quod
1276 1484 1361 1534 mp-

228 1522 289 1573 gis
304 1524 447 1564 alliciat
459 1527 508 1564 ad
526 1527 793 1579 diligendum:
825 1529 970 1581 quippe
987 1542 1092 1575 cum,
1112 1535 1268 1581 propter
1285 1539 1363 1588 vir·

231 1584 355 1617 tutem
374 1588 412 1617 et
437 1581 682 1633 probitatem,
715 1596 778 1622 eos
803 1584 934 1632 etiam,
954 1596 1051 1636 quos
1078 1594 1286 1642 nunquam·
1304 1593 1362 1622 VI-

229 1630 374 1681 dimus,
395 1635 565 1686 quodam
596 1637 713 1675 modo
731 1637 951 1689 diligamus.
1000 1637 1101 1686 Quis
1127 1645 1197 1683 oet,
1221 1648 1291 1688 qul
1313 1634 1359 1674 C.

229 1685 413 1736 Fabricii,
435 1689 498 1729 M’
520 1690 643 1738 Curii,
673 1704 750 1730 non
770 1705 860 1730 cum
875 1692 1031 1730 caritate
1045 1691 1177 1744 aliqua
1195 1699 1233 1728 et
1248 1691 1362 1728 bene-

229 1740 398 1780 volentia
418 1745 646 1783 memoriam
664 1754 838 1797 usurpet,
859 1759 956 1798 quos
974 1758 1177 1798 nunquam
1196 1743 1360 1806 viderit?

229 1792 331 1842 Quis
351 1804 480 1835 autem
501 1806 571 1843 est,
593 1799 662 1850 qui
680 1800 944 1852 Tarquinium
958 1801 1194 1852 Superbum,
1210 1811 1279 1850 qux
1291 1801 1359 1850 Sp.

229 1848 423 1897 Cassium,
448 1854 515 1903 Sp.
549 1852 746 1900 Maelium,
779 1867 855 1892 non
890 1854 1043 1894 oderit?
1074 1854 1177 1893 Cum
1207 1852 1359 1891 duobus

227 1901 391 1942 ducibus
410 1905 457 1943 de
477 1906 638 1958 imperio
657 1908 698 1945 in
723 1909 839 1946 Italia
857 1908 1093 1947 decertatum
1113 1916 1182 1954 aet,
1208 1907 1359 1959 Pyrrho

227 1963 266 1993 et
294 1957 539 1998 Hannibale:
570 1963 620 2000 ab
651 1962 784 2010 altero,
818 1970 974 2014 propter
1002 1962 1232 2014 probitatem
1260 1962 1358 2012 ejus,

228 2021 306 2049 non
326 2012 441 2051 nimis
459 2014 602 2054 alienos
621 2016 770 2055 animos
789 2015 1001 2055 habemus:
1043 2017 1223 2064 alterum,
1242 2028 1359 2068 prop·

226 2070 286 2103 ter
303 2066 583 2115 crudelitatem,
604 2082 755 2122 semper
772 2070 855 2109 haec
872 2071 1004 2109 civitas
1022 2071 1155 2109 oderit.

286 2118 365 2157 IX.
395 2120 515 2169 Quod
534 2123 566 2161 si
593 2130 701 2162 tanta
727 2124 783 2162 vis
802 2125 1002 2176 probitatis
1021 2132 1092 2171 est,
1112 2131 1158 2163 ut
1174 2136 1275 2172 eam,
1295 2124 1356 2163 vel

225 2170 268 2210 in
288 2172 341 2211 eis
360 2187 457 2227 quos
475 2188 679 2229 nunquam
698 2178 881 2230 vidimus,
898 2179 959 2219 vel
992 2178 1114 2232 (quod
1142 2179 1269 2228 majus
1284 2187 1358 2227 est)
