1470 2402
187 86 242 125 2o
297 84 376 125 DE
405 83 830 133 DIVINATIONE,
844 85 944 124 Lm.
959 84 993 123 1.
1005 83 1114 124 cAr.
1134 73 1200 125 24'.

189 207 284 243 esse,
301 194 478 247 portendi
494 209 505 232 :
536 193 640 247 quod
658 193 712 232 ita
729 194 913 246 configit:
943 206 1037 233 nam
1050 193 1101 232 ad
1118 201 1319 247 septuage-

190 250 334 288 simum
371 248 556 301 pervenit,
595 261 684 287 cum
729 248 809 287 XL
848 256 962 288 natus
1002 261 1122 288 annos
1158 262 1318 302 regnare

193 303 377 355 coepisset.

245 358 319 396 Est
338 357 505 409 profecto
535 357 720 409 quiddam
747 357 863 395 etiam
882 358 923 396 in
948 357 1120 396 barbaris
1139 358 1320 410 gentibus

192 412 437 464 praesentiens
469 420 586 463 atque
615 411 816 458 divinans3
847 411 1038 464 siquidem
1071 412 1121 450 ad
1154 421 1320 452 mortem

194 466 434 518 proficiscens
461 466 629 505 calanus
653 465 789 514 Indus,
811 479 900 504 cum
927 466 1168 504 adscenderet
1194 467 1235 504 in
1262 480 1323 506 ro-

192 534 289 572 gum
309 520 519 568 ardentem,
551 523 579 543 “
601 519 638 559 Ο
659 521 886 571 praeclarum
905 520 1156 567 discessum‚'’
1176 520 1319 573 inquit,

196 577 226 597 “
248 588 268 614 e
288 575 390 613 vita!
423 588 527 622 cum,
547 582 592 612 ut
618 575 781 612 Herculi
800 574 973 625 contigit,
994 575 1148 612 mortali
1168 588 1323 627 corpore

194 637 375 677 cremato,
392 629 432 667 in
445 629 572 668 lucem
584 629 735 667 animus
748 629 986 667 excesseriff’
1007 629 1187 680 Cumque
1197 630 1324 668 Alex-

197 683 316 721 ander
334 696 424 721 eum
442 691 605 734 rogaret,
627 683 658 721 si
678 683 771 734 quid
787 683 913 730 vellet,
935 691 979 720 ut
998 682 1162 721 diceret:
1194 686 1222 705 “
1239 683 1325 736 Op-

197 737 333 785 time‚”
361 738 510 789 inquit:
546 740 574 760 ‘⁶
601 737 823 789 propediem
849 745 886 775 te
913 736 1090 775 videbo.''
1127 737 1247 786 Quod
1269 739 1325 778 ita

196 792 379 843 contigit:
402 804 494 829 nam
509 792 724 843 Babylone,
742 791 872 843 paucis
884 799 971 843 post
985 791 1133 839 diebus,
1149 792 1326 832 Alexan-

195 845 263 884 der
290 854 345 884 est
372 854 559 884 mortuus.
596 845 761 884 Discedo
781 858 988 897 parumper
1015 858 1039 883 a
1064 846 1246 893 somnii53
1276 847 1327 886 ad

196 914 285 951 quae
314 913 408 938 mox
437 908 613 938 revertar.
664 900 757 948 Qua
786 908 895 938 nocte
928 900 1118 951 templum
1148 900 1330 952 Ephesiae

199 953 339 993 Dianae
358 954 594 1006 deflagravit,
616 954 750 993 eadem
771 961 916 993 constat
936 967 983 992 ex
1003 953 1239 1006 Olympiade
1257 969 1328 995 na-

196 1015 284 1046 tum
308 1022 386 1047 esse
405 1008 707 1054 Alexandrum;
737 1016 867 1060 atque,
894 1009 963 1047 ubi
989 1009 1115 1047 lucere
1141 1009 1325 1061 coepisset,

196 1062 410 1102 clamitasse
429 1076 576 1114 magos,
597 1071 744 1114 pestem
764 1076 807 1101 ac
826 1063 1034 1114 perniciem
1058 1063 1167 1102 Asiae
1193 1066 1326 1116 proxi-

199 1117 267 1155 ma
286 1125 395 1156 nocte
414 1124 558 1155 natam.
601 1117 698 1156 Haec
717 1117 765 1156 de
791 1117 901 1156 Indis
925 1124 962 1157 et
988 1117 1132 1169 Magis.
1176 1117 1327 1159 Redea-

201 1184 290 1210 mus
309 1171 359 1209 ad
378 1172 538 1210 somnia.
563 1175 571 1182 ’

255 1226 417 1265 XXIV.
449 1225 713 1264 Hannibalem
733 1226 877 1265 Coelius
902 1226 1047 1275 scribit,
1068 1239 1159 1265 cum
1179 1227 1327 1267 colum-

199 1292 293 1318 nam
322 1293 492 1329 auream,
525 1293 612 1331 quae
638 1288 733 1319 esset
758 1281 799 1319 in
825 1281 915 1319 fano
944 1281 1114 1320 Junonis
1143 1281 1326 1332 Laciniae,

200 1334 350 1373 auferre
379 1335 508 1383 vellet,
534 1334 816 1387 dubim-etque,
841 1344 975 1374 utrum
998 1349 1043 1374 ea
1073 1335 1193 1375 solida
1218 1346 1330 1386 esset,

199 1401 249 1427 an
282 1389 514 1427 extrinsecus
554 1389 743 1436 inaurata,
781 1389 1118 1442 perterebravisse:
1161 1403 1331 1444 cumque

200 1443 362 1482 solidam
381 1443 599 1491 invenisset,
616 1444 884 1496 statuissetque
902 1445 1048 1493 tollere,
1064 1444 1100 1482 ei
1117 1445 1331 1486 secundum

199 1498 370 1549 quietem
390 1498 512 1536 visam
536 1511 614 1536 esse
633 1498 661 1536 J
665 1511 834 1537 unonem
853 1498 1070 1551 praediceoe,
1090 1511 1139 1538 ne
1164 1499 1206 1538 id
1229 1499 1331 1540 face-

200 1560 271 1600 ret,
291 1552 522 1604 minarique,
544 1552 575 1590 si
599 1552 640 1590 id
665 1552 826 1601 fecisset,
853 1567 892 1592 se
921 1561 1155 1601 curaturam,
1175 1561 1221 1593 ut
1239 1567 1332 1595 eum

200 1619 356 1658 quoque
375 1607 546 1655 oculum,
568 1619 646 1658 quo
665 1609 762 1646 bene
781 1607 938 1657 videret,
959 1608 1152 1646 amitteret
1167 1623 1179 1646 x
1210 1608 1329 1662 idque

201 1662 251 1700 ab
269 1661 426 1700 homine
450 1668 562 1700 acuto
580 1673 659 1699 non
679 1675 758 1701 esse
782 1663 1024 1715 neglectum:
1054 1662 1185 1714 itaque
1212 1676 1261 1702 ex
1286 1677 1332 1704 eo

200 1728 309 1764 auro,
329 1715 435 1768 quod
453 1717 736 1755 exterebratum
755 1726 866 1766 esset,
886 1717 1071 1756 buculam
1096 1717 1247 1757 curasse
1270 1718 1332 1758 fa-

202 1769 392 1818 ciendam,
413 1777 451 1809 et
469 1783 555 1809 eam
574 1770 615 1808 in
634 1771 789 1809 summ-21
807 1772 988 1811 columna
1006 1771 1259 1811 collocavisse.

258 1824 346 1863 Hoc
365 1824 468 1864 idem
486 1825 527 1863 in
547 1825 681 1873 Sileni,
703 1839 820 1878 quem
836 1826 980 1866 coelius
990 1826 1177 1878 sequitur,
1195 1827 1334 1868 Graeca

202 1877 360 1917 historia
385 1886 441 1918 est
475 1879 531 1923 (is
549 1887 681 1918 autem
705 1881 995 1932 diligentissime
1020 1893 1079 1919 res
1098 1880 1334 1922 Hannibalis

203 1941 424 1984 persecutus
450 1941 548 1982 eso:
580 1934 858 1983 Hannibalem,
880 1948 970 1974 cum
990 1934 1148 1987 cepisset
1178 1935 1333 1988 Sagun-

204 1994 304 2036 tum,
323 1988 452 2027 visum
471 2001 550 2028 aese
568 1988 609 2027 in
629 1990 771 2028 somnis
790 2003 813 2028 a
831 1990 932 2029 Jove
949 1990 991 2029 in
1010 1989 1187 2028 Deorum
1206 1991 1334 2030 conci-

202 2041 300 2081 lium
328 2043 479 2088 vocari;
510 2057 588 2096 quo
616 2056 707 2082 cum
735 2044 912 2092 venisset,
941 2044 1085 2084 Jovem
1115 2043 1336 2096 imperasse,

203 2103 249 2134 ut
268 2097 391 2136 Italiae
410 2097 557 2136 bellum
574 2098 744 2147 inferret,
765 2098 980 2152 ducemque
999 2098 1034 2138 ei
1053 2111 1185 2137 unum
1207 2113 1228 2138 e
1245 2113 1338 2139 con-

201 2150 289 2191 cilio
307 2151 468 2202 datum3
498 2166 577 2206 quo
594 2153 708 2194 illum
725 2161 914 2205 utentem,
932 2166 1024 2196 cum
1049 2153 1220 2194 exercitu
1237 2167 1328 2209 pm-
