1470 2402
195 43 277 91 378
461 42 540 83 DE
568 43 872 94 AMICITIA,
885 43 994 84 CAP-
1016 45 1081 85 m.

197 152 358 206 quidem
387 152 438 193 ab
469 152 543 193 hoc
572 166 747 193 sermone
775 166 1069 194 removeamusx
1098 154 1173 208 ipsi
1195 150 1327 194 autem

197 208 477 260 intelligamus,
497 209 638 247 natura
662 208 771 261 gigni
797 221 953 247 sensum
974 208 1175 261 diligendi,
1201 217 1241 249 et
1260 211 1329 248 be-

197 262 424 302 nevolentiae
441 263 653 310 caritatem,
674 263 776 302 facta
801 263 1078 315 significatione
1094 264 1295 316 probitatis
1309 277 1324 309 ι

199 330 321 369 quam
346 317 415 370 qui
447 318 729 370 appetiverunt,
755 318 949 370 applicant
982 331 1076 362 sese..
1103 326 1142 357 et
1170 318 1329 371 propius

200 371 423 419 admovent,
444 382 488 411 ut
511 380 548 410 et
573 385 645 410 usu
670 373 767 434 ejus,
795 385 912 424 quem
938 372 1098 424 diligere
1119 382 1328 425 coeperunt,

199 425 395 475 fruantur,
430 434 468 464 et
497 426 696 473 moribus;
726 426 880 478 sintque
912 440 1021 478 pares
1049 427 1091 465 in
1119 440 1264 474 amore,
1295 436 1333 468 et

200 481 389 532 aequalen
419 482 759 533 propensioresque
776 481 826 519 ad
844 483 942 520 bene
955 482 1197 530 merendum,
1213 493 1334 534 quam

200 535 252 574 ad
288 536 590 596 reposcendum·
621 544 737 588 atque
768 535 850 574 haec
878 535 977 574 inter
1007 548 1071 575 eos
1103 536 1152 575 sit
1175 536 1337 577 honesta

203 590 372 628 certatio.
404 590 466 630 Sic
485 598 523 629 et
536 590 720 629 utilitates
737 603 786 629 ex
805 590 974 629 amicitia
985 590 1168 629 maxime
1181 591 1335 643 capien-

203 651 296 690 tur;
327 651 364 683 et
384 644 455 683 erit
474 646 557 695 ejus
575 653 681 683 ortus
699 658 722 683 a
740 645 893 693 natura,
913 657 1032 706 quam
1058 646 1108 684 ab
1132 645 1335 684 imbecilli-

202 704 295 747 tate,
323 706 360 737 et
377 699 529 751 gravior
546 708 584 738 et
603 700 736 738 verior.
779 699 902 746 Nam,
923 699 954 737 si
978 699 1124 738 utilitas
1146 700 1334 739 amicitias

202 753 499 814 conglutinaret,
531 753 666 792 eadem
695 761 935 793 commutata
965 753 1214 793 dissolveret.
1250 754 1332 803 sed„

203 808 297 859 quia
316 816 453 847 natura
470 808 614 847 mutari
632 821 709 847 non
723 817 862 860 potest,
882 807 1022 847 idcirco
1040 821 1138 847 verae
1156 809 1335 848 amicitiae

182 863 447 924 rsempiternae
472 871 574 902 sunt.
615 862 761 902 Ortum
791 862 950 915 quidem
978 862 1158 902 amicitiae
1182 863 1332 930 videtis,

203 916 279 954 nisi
294 917 389 969 quid
408 917 458 956 ad
476 918 558 956 haeo
575 918 672 956 forte
688 917 816 956 vultis.

259 973 454 1010 Fannius.
484 972 551 1011 Tu
574 985 664 1011 vero
693 985 822 1024 perge,
852 972 979 1011 Laeli·
1015 985 1087 1025 pro
1110 972 1183 1012 hoc
1212 972 1332 1022 nim,

204 1026 274 1077 qui
300 1026 427 1065 minor
455 1035 510 1066 est
535 1035 645 1075 natu,
665 1039 752 1066 meo
777 1028 865 1077 jure
892 1027 1114 1079 respondeo.
1144 1029 1333 1067 Scaevola.

202 1079 325 1119 Recte
343 1088 386 1119 tu
406 1081 587 1133 quidem.
619 1083 871 1134 quamobrem
891 1082 1107 1120 audiamus.

258 1135 312 1173 Χ.
358 1137 521 1174 ῙΑιΙὶιω.
557 1136 705 1174 Audite
733 1149 836 1188 ergo,
871 1136 1008 1188 optimi
1038 1136 1128 1199 viri2
1154 1149 1213 1185 ea,
1243 1150 1334 1190 quae

203 1189 413 1241 saepissime
431 1190 530 1229 inter
547 1203 611 1229 me
629 1199 667 1229 et
685 1190 902 1242 Scipionem
922 1191 970 1229 de
987 1190 1156 1230 amicitia
1174 1192 1333 1231 dissere-

201 1244 371 1282 bantur:
402 1257 647 1306 quamquam·
660 1245 726 1283 ille
743 1245 901 1296 quidem
920 1245 1020 1284 nihil
1038 1244 1232 1285 difficilius
1250 1259 1331 1286 me

201 1297 336 1337 diceba
286 1299 366 1346 bat,
389 1312 509 1351 quam
539 1299 745 1337 amicitiam
771 1312 894 1351 usque
918 1299 968 1338 ad
994 1307 1213 1340 extremum
1240 1302 1330 1340 vitae

201 1365 438 1404 permanere.
500 1354 622 1402 Nam,
652 1354 712 1392 vel
732 1362 775 1393 ut
800 1367 877 1392 non
896 1353 999 1392 idem
1019 1355 1216 1406 expediret
1233 1356 1330 1395 utri-

200 1420 296 1469 que..
313 1407 479 1447 incidere
507 1421 630 1469 saepe;
661 1408 721 1447 vel
746 1416 791 1446 ut
818 1408 866 1446 de
895 1408 1094 1460 republica
1122 1421 1199 1448 non
1224 1409 1330 1450 idem

200 1461 410 1508 sentirent3
440 1462 584 1500 mutari
604 1462 718 1501 etiam
736 1475 861 1501 mores
879 1463 1084 1501 hominum
1110 1477 1211 1516 saepe
1227 1464 1330 1505 dice-

201 1517 283 1565 bat,
307 1516 401 1555 81185
427 1517 594 1556 adversis
625 1519 752 1565 rebus,
776 1517 870 1556 alias
896 1526 1007 1556 aetate
1031 1518 1328 1570 ingravescente.

200 1571 338 1623 Atque
357 1584 490 1610 earum
511 1584 638 1610 rerum
662 1572 884 1624 exemplum
913 1585 961 1611 ex
990 1571 1243 1613 similitudine
1266 1587 1330 1613 ca-

200 1625 332 1677 piebat
349 1625 517 1664 ineuntis
537 1626 672 1674 matis,
698 1626 802 1678 quod
821 1627 964 1665 summi
983 1640 1192 1678 puerorum
1221 1641 1329 1669 amo-

200 1692 260 1718 res
275 1693 374 1732 saepe
393 1681 474 1719 una
487 1693 577 1719 cum
596 1681 781 1732 praetexta
799 1689 1043 1733 ponerentur.

256 1734 326 1773 Sin
353 1743 483 1773 autem
509 1735 559 1773 ad
585 1734 878 1774 adolescentiam
900 1736 1181 1787 perduxissent,
1201 1737 1333 1776 dirimi

200 1795 332 1827 tamen
350 1789 546 1828 interdum
566 1790 819 1838 contentione,
839 1791 901 1829 vel
922 1791 1067 1829 uxoriae
1089 1792 1331 1841 conditionis,

201 1843 263 1882 vel
292 1843 487 1882 commodi
516 1844 694 1893 alicujus,
715 1844 818 1896 quod
849 1844 954 1883 idem
987 1845 1145 1911 adipisci
1170 1855 1334 1900 uterque

200 1909 278 1936 non
294 1906 431 1950 posset.
474 1897 593 1946 Quod
612 1899 644 1937 51
662 1899 731 1950 qui
749 1899 929 1950 longius
919 1911 959 1937 m
979 1899 1147 1939 amicitia
1164 1902 1334 1953 provecti

198 1960 339 1999 essent,
368 1961 497 1991 tamen
516 1966 616 2004 saepe
633 1952 867 1999 labefactari,
893 1954 925 1992 si
942 1954 983 1992 in
1003 1954 1157 2000 honoris
1175 1964 1332 1994 conten-

195 2006 345 2045 tionem
376 2006 621 2046 incidissent.
652 2015 798 2069 pestem
818 2008 920 2046 enim
938 2010 1124 2059 majorem
1144 2022 1223 2048 esse
1240 2011 1330 2049 nul-

189 2060 282 2099 lam
305 2061 498 2108 amicitiis,
519 2074 639 2114 quam
664 2061 705 2100 in
734 2062 926 2114 plerisque
950 2063 1122 2114 pecuniae
1139 2064 1328 2116 cupidita-

199 2122 295 2163 tem,
314 2115 356 2154 in
374 2115 540 2178 optimis·
559 2116 780 2168 quibusque
805 2117 959 2156 honoris
979 2125 1170 2157 certamen
1188 2126 1228 2157 et
1242 2119 1328 2170 glo-

197 2168 292 2217 riae3
323 2183 371 2210 ex
390 2183 470 2224 quo
488 2170 709 2210 inimicitias
726 2171 919 2211 maximas
936 2185 1036 2224 saepe
1053 2173 1153 2213 inter
1175 2174 1327 2217 amicis,
