1470 2402
201 99 281 137 242
379 98 458 138 DE
488 99 754 150 OFFICIIS,
777 100 878 139 LIB.
901 99 936 138 1.
957 100 1067 140 CAP.
1087 100 1153 140 35.

200 207 372 246 relaxare
400 208 564 257 animos,
595 217 632 248 et
653 209 744 249 dare
768 223 808 249 se
832 209 1066 272 jucimditati
1093 209 1238 256 volent,
1263 220 1328 248 ca-

201 269 316 299 vaent
359 262 721 326 intemperantiam3
768 264 1018 303 meminerint
1059 263 1324 302 verecundiae:

202 315 307 377 quod
325 317 396 354 erit
412 317 577 366 facilius,
598 318 629 357 si
657 319 697 357 in
721 318 910 368 ejusmodi
927 318 1087 371 quidem
1104 319 1220 357 rebus
1241 330 1327 356 ma-

198 370 300 419 jorae
317 379 414 410 natu
432 372 610 411 interesse
630 373 759 412 velint.

255 425 419 465 Senibus
447 435 578 466 autem
614 428 762 466 labores
785 427 952 479 corporis
976 426 1192 474 minuendi,
1219 438 1327 465 exer-

200 478 395 518 citationes
409 481 529 519 animi
548 481 663 520 etiam
681 482 867 544 augendae
885 481 1087 528 videntur3
1116 479 1245 519 danda
1262 493 1327 519 ve-

199 545 244 571 ro
273 546 402 585 opera,
423 542 468 573 ut
500 543 538 574 et
566 536 721 584 amicos,
743 543 781 575 et
808 537 1068 586 juventutem,
1093 542 1131 574 et
1155 534 1327 573 maxime

199 589 494 639 rempublicam,
511 590 667 628 consilio
689 599 727 629 et
750 590 956 642 prudentia
969 602 1089 642 quam
1110 589 1325 641 plurimum

200 641 396 691 adjuvent.
445 644 559 682 Nihil
577 653 707 683 autem
726 645 850 696 magis
878 644 1092 683 cavendum
1117 650 1173 682 631
1198 655 1326 682 361166-

197 697 288 745 11111,
306 710 424 748 quam
439 710 488 736 ne
497 699 675 761 languori
695 712 734 737 se
752 699 981 751 daeidiaeque
992 697 1118 736 dedat.
1148 697 1328 736 Luxuria

199 762 301 800 vero,
319 764 409 789 cum
422 753 529 791 omni
544 753 646 791 aetati
664 753 801 805 turpis,
821 760 906 791 tum
925 752 1109 791 senectuti
1121 751 1329 790 foedissima

200 812 267 843 est.
312 805 381 844 Sin
404 814 533 845 autem
553 807 761 846 libidinum
794 807 911 846 etiam
939 806 1234 858 intemperantia
1265 818 1328 844 ac-

199 859 364 907 cesserit,
387 860 533 913 duplex
558 862 708 900 malum
733 869 815 907 est;
857 861 962 913 quod
985 868 1024 900 et
1044 861 1128 912 ipsa
1155 867 1327 899 senectus

198 914 365 966 concipit
383 915 560 963 dedecus,
581 924 619 955 et
635 916 727 955 facit
744 915 1043 955 adolescentium
1066 914 1326 967 impudentio-

199 980 279 1006 rem
300 969 647 1021 intemperantiam.

252 1023 317 1061 Ac
335 1035 385 1062 ne
399 1024 497 1062 iflud
511 1025 670 1077 quidem
682 1024 853 1065 alienum
866 1032 936 1072 est,
952 1024 1000 1063 de
1010 1023 1323 1075 magistratuum,

199 1076 248 1114 de
277 1078 528 1128 privatorum,
561 1078 628 1141 [(16
647 1079 827 1131 civium,]
855 1079 905 1118 de
928 1079 1217 1139 peregrinorum
1241 1077 1326 1115 offi-

198 1130 266 1168 ciis
285 1131 420 1170 dicere.
455 1132 557 1171 Est
547 1134 665 1184 igitur
683 1134 883 1185 proprium
901 1145 1045 1171 munus
1063 1131 1323 1182 magistratus,

199 1183 425 1246 intelligere,
446 1200 485 1225 se
514 1200 645 1238 gerere
676 1200 879 1248 personam
907 1186 1083 1233 civitatis,
1112 1185 1326 1237 debereque

198 1239 282 1288 ejus
301 1239 528 1291 dignitatem
543 1249 580 1279 et
598 1241 713 1279 decus
731 1242 931 1303 sustinere,
945 1253 1092 1279 servare
1105 1240 1250 1291 leges,
1234 1252 1325 1289 Jura

198 1293 421 1340 describere,
443 1308 487 1333 ea
505 1295 595 1333 fidei
613 1309 692 1334 suae
711 1296 913 1334 commissa
929 1294 1160 1333 meminisse.
1190 1293 1326 1331 Priva-

197 1354 286 1385 tum
319 1355 449 1386 autem
479 1357 628 1400 oportet
650 1362 761 1401 aequo
787 1357 825 1388 et
849 1349 933 1401 pari
955 1361 1045 1388 cum
1071 1348 1216 1387 civibus
1237 1349 1326 1397 jure

198 1401 339 1450 vivere,
359 1415 485 1454 neque
503 1403 739 1442 submissum
754 1410 791 1442 et
809 1405 1018 1453 abjectum,
1037 1415 1163 1454 neque
1177 1415 1216 1440 se
1234 1402 1325 1440 effe-

199 1463 372 1495 rentem:
403 1464 489 1495 tum
513 1457 555 1495 in
581 1458 778 1509 republica
801 1471 845 1496 63
870 1458 981 1505 velle,
1009 1470 1096 1509 quae
1114 1456 1325 1508 tranquilla

199 1516 237 1547 et
255 1509 415 1549 honesta
433 1511 520 1549 sint.
551 1511 693 1550 Talem
708 1512 811 1550 enim
826 1519 864 1550 et
878 1512 1017 1550 sentire
1027 1513 1174 1549 bonum
1186 1510 1324 1558 civn,

197 1571 236 1602 et
247 1563 371 1603 dicere
390 1566 568 1604 solemus.
598 1566 797 1617 Peregrini
811 1573 940 1604 autem
956 1572 993 1604 et
1006 1565 1141 1604 incolae
1155 1563 1324 1603 officium

199 1625 269 1666 est,
289 1619 387 1657 nihil
405 1628 543 1681 praeter
567 1633 682 1658 suum
702 1620 901 1672 negotium
926 1632 1051 1671 agere,
1072 1619 1170 1657 nihil
1188 1618 1236 1657 de
1254 1617 1325 1656 ali-

198 1684 271 1710 eno
301 1674 517 1725 anquirere,
545 1674 785 1726 minimeque
808 1674 849 1712 in
875 1674 1001 1713 aliena
1025 1686 1104 1712 aese
1127 1672 1327 1725 republica

197 1726 404 1766 curiosum.
447 1729 510 1766 Ita
534 1728 614 1767 fere
635 1729 760 1767 officia
783 1729 1032 1780 reperientur,
1063 1740 1153 1766 cum
1177 1738 1324 1779 quaere-

197 1787 276 1829 tur,
298 1782 392 1833 quid
411 1781 554 1831 deceat,
576 1790 615 1821 et
632 1782 727 1834 quid
746 1789 883 1834 aptum
902 1783 951 1821 sit
967 1781 1151 1833 personis,
1174 1791 1326 1832 tempo·

196 1834 318 1883 ribus,
349 1836 537 1875 aetatibus.
584 1837 699 1875 Nihil
718 1845 774 1875 est
792 1843 936 1884 autem,
957 1836 1062 1888 quod
1080 1843 1160 1874 tam
1179 1834 1322 1881 deceat,

198 1901 332 1939 quam,
346 1890 387 1928 in
405 1891 513 1928 omni
531 1904 571 1930 re
584 1891 764 1942 gerenda,
784 1891 1019 1942 consilioque
1030 1888 1228 1942 oepiendo,
1247 1901 1326 1927 ser-

195 1955 286 1981 vare
304 1945 569 1983 constantiam.

253 1996 435 2037 XXXV.
465 1999 555 2047 Sed,
570 1999 752 2051 quoniam
773 1999 954 2038 decorum
971 1997 1095 2036 iuud·
1085 2010 1126 2035 in
1143 1995 1324 2036 omnibus

199 2050 310 2089 factis
341 2059 379 2090 et
407 2052 562 2102 dictis,
552 2066 592 2091 in
619 2053 785 2105 corporis
814 2053 981 2104 denique
1004 2058 1114 2090 motu
1140 2058 1178 2089 et
1205 2057 1322 2099 statu,

199 2105 381 2153 cernitur,
401 2106 518 2159 idque
531 2108 701 2159 positum
720 2115 776 2146 est
793 2107 833 2146 in
853 2107 976 2145 tribus
999 2108 1113 2145 rebus
1132 2104 1325 2148 (formosi-

199 2164 292 2206 tate,
308 2159 454 2209 ordine,
475 2169 613 2200 ornatu
632 2162 682 2200 ad
696 2161 884 2200 actionem
903 2167 1025 2212 apto),
1038 2158 1257 2198 difficilibus
1274 2157 1325 2196 ad

198 2212 458 2264 eloquendum
479 2215 562 2260 (sed
589 2216 679 2255 satis
704 2215 775 2256 erit
803 2215 1011 2266 intelligi„
1041 2214 1082 2252 in
1107 2212 1167 2252 1113
1192 2219 1322 2251 autem
