1470 2402
224 96 306 135 300
388 95 467 136 DE
497 94 762 144 OFFICIIS‚
792 94 892 134 LIB.
914 93 999 135 ΙΙΙ.
1028 94 1135 135 CAP.
1154 95 1195 141 7.

223 217 377 244 musam
395 206 536 244 habeat
554 205 602 244 ad
621 205 815 255 injuriam.
864 205 929 244 Ita
951 217 1101 256 semper
1117 203 1241 243 officio
1258 203 1350 243 fun-

221 267 347 310 getur,
367 260 525 299 utilitati
544 261 744 299 consulens
761 259 981 308 hominum,
1001 267 1039 298 et
1053 259 1102 308 ei,
1117 271 1236 311 quam
1250 271 1351 311 saepe

223 327 495 361 commemoro,
514 314 697 352 humanae
715 314 895 352 societati,

277 369 399 415 Nam,
415 368 520 421 quod
534 368 582 406 ad
597 368 794 406 Phalarim
808 368 956 416 attinet,
970 367 1149 420 perfacile
1158 367 1351 418 judicium

223 430 291 461 051.
321 397 447 461 Νι1118
461 423 563 461 enim
578 423 688 461 nobis
707 422 862 461 societas
881 434 971 460 cum
990 422 1177 473 tyrannis,
1197 421 1263 460 sed
1280 434 1352 474 po-

222 477 300 515 tius
319 490 472 515 summa
489 477 681 515 distractio
700 484 779 515 est:
801 488 926 528 neque
940 484 996 515 est
1010 483 1141 515 contra
1154 484 1349 524 naturam,

224 532 385 583 spoliare
412 544 516 579 eum,
544 531 575 569 si
599 531 734 582 possis,
755 544 872 583 quem
892 531 1096 569 honestum
1117 538 1172 569 est
1190 543 1349 569 neoere.

223 594 339 638 atque
363 586 435 624 hoc
462 597 576 624 omne
600 597 721 647 genus
738 585 963 636 pestiferum
981 592 1097 636 atque
1113 584 1282 636 impium
1301 597 1350 622 ex

222 640 429 679 hominum
443 640 718 678 communitate
732 638 1068 678 exterminandum
1083 646 1150 677 aet.
1173 638 1349 686 Etenim,

224 703 269 733 ut
287 696 461 732 membra
476 694 654 756 quaedam
669 701 934 745 amputantur,
950 693 982 732 si
997 700 1034 731 et
1047 693 1131 745 ipsa
1149 692 1350 744 sanguine,

224 757 261 787 et
280 756 481 800 tamquam
500 748 650 800 spiritu,
679 761 803 786 carere
822 757 1031 809 coeperunt,
1052 755 1090 786 et
1106 754 1245 786 nocent
1263 746 1352 785 reli-

223 803 311 855 quis
339 803 513 854 partibus
543 803 732 854 corporis;
763 802 816 841 sic
840 802 927 849 ista,
953 802 994 839 in
1019 800 1145 854 figura
1168 801 1351 848 hominis,

224 857 354 896 feritas
383 864 421 895 et
450 857 671 895 immanitas
699 856 839 895 belluae
868 869 892 894 a
921 855 1118 894 communi
1149 863 1352 917 tamquam

224 911 466 950 humanitate
490 911 656 963 corporis
681 910 914 972 segreganda
939 917 1006 949 051.
1048 910 1183 960 Hujus
1204 909 1354 961 generis

225 974 315 1004 sunt
345 966 571 1017 quaestionae
601 978 734 1005 01111105
764 978 832 1014 eae,
862 965 904 1003 in
936 964 1079 1017 quibus
1106 977 1155 1003 ex
1180 971 1354 1017 tempore

223 1019 392 1059 officium
412 1020 638 1072 exquiritur.

280 1074 379 1113 VII.
409 1074 616 1124 Ejusmodi
633 1074 765 1126 igitur,
793 1073 1004 1122 010110,105
1023 1072 1243 1112 Panaetium
1266 1085 1355 1125 per-

225 1136 447 1167 secuturum
465 1128 595 1176 fuisse,
616 1129 690 1167 nisi
709 1129 830 1180 aliqui
848 1141 958 1167 casus
970 1136 1039 1167 aut
1051 1128 1250 1180 occupatio
1264 1139 1355 1166 0011-

226 1183 357 1221 silium
377 1184 458 1232 ejus
484 1183 727 1234 peremisset:
759 1182 808 1220 ad
826 1195 923 1234 quas
940 1183 1042 1234 ipsas
1060 1181 1355 1220 consultationes

227 1250 275 1275 ex
290 1237 547 1298 superioribus
564 1237 672 1275 libris
691 1237 781 1275 satis
795 1237 920 1274 multa
938 1243 1128 1288 praecepta
1142 1243 1246 1283 sunt,
1267 1235 1356 1287 qui-

226 1292 299 1329 bus
328 1291 490 1343 perspici
519 1291 654 1352 possit,
686 1290 781 1342 quid
811 1290 859 1328 sit
887 1299 1044 1342 propter
1073 1289 1355 1342 turpitudinem

225 1344 479 1406 fugiendum3
502 1344 597 1406 quid
615 1344 663 1383 sit
680 1345 735 1392 id,
752 1344 857 1396 quod
870 1344 1010 1383 idcirco
1027 1343 1257 1396 fugiendum
1275 1355 1355 1382 non

225 1399 288 1445 sit,
310 1399 401 1451 quia
418 1400 576 1438 omnino
596 1408 708 1451 turpe
726 1411 804 1437 non
824 1399 883 1437 sit.
932 1399 1023 1447 Sed,
1044 1398 1229 1450 quoniam
1249 1397 1356 1459 operi

223 1453 415 1500 inchoato,
436 1461 473 1492 et
491 1466 609 1505 prope
625 1454 708 1503 jam
727 1453 915 1500 absoluto,
936 1460 1137 1504 tamquam
1154 1451 1355 1503 fastigrum

226 1507 487 1559 imponimus,
517 1515 562 1546 ut
587 1515 790 1559 geometrae
809 1481 931 1546 solent
955 1519 1033 1545 non
1051 1505 1182 1545 omnia
1206 1505 1354 1554 docere,

226 1561 292 1599 sed
306 1562 511 1613 postulare,
533 1570 576 1599 ut
595 1561 774 1614 quaedam
794 1561 867 1600 sibi
884 1561 1154 1608 concedantur,
1170 1573 1248 1612 quo
1261 1559 1355 1599 faci-

225 1616 318 1662 lius,
347 1630 434 1668 quae
456 1616 588 1663 velint,
609 1616 827 1667 explicent;
855 1615 908 1654 sic
926 1627 997 1666 ego
1015 1628 1039 1653 a
1055 1622 1094 1653 te
1110 1614 1278 1666 postulo,
1296 1614 1354 1652 mi

227 1670 374 1717 Cicero,
401 1677 445 1708 ut
463 1670 561 1708 mihi
586 1669 769 1708 concedas
795 1669 844 1712 (51
861 1676 1000 1720 potes),
1021 1669 1134 1717 1111111,
1159 1675 1297 1720 praeter
1313 1667 1356 1706 id

228 1724 333 1775 quod
346 1698 551 1763 h’onaetum
571 1724 632 1772 sit,
653 1731 807 1775 propter
821 1736 860 1762 se
874 1736 953 1762 esse
966 1721 1237 1774 expetendum.
1284 1721 1354 1761 Sin

227 1778 300 1817 hoc
331 1790 408 1816 non
433 1778 521 1816 licet
549 1791 618 1830 per
645 1778 891 1829 Cratippum,
918 1784 958 1816 at
981 1776 1083 1815 illud
1105 1784 1205 1815 certe
1228 1775 1353 1824 dabis,

228 1832 333 1883 quod
354 1832 558 1871 honestum
578 1832 639 1879 sit,
665 1831 707 1870 id
725 1844 804 1870 esse
821 1831 992 1870 maxime
1009 1837 1164 1883 propter
1182 1843 1221 1869 se
1239 1842 1355 1882 expe-

229 1886 403 1925 tendum.
434 1886 541 1924 Mihi
566 1886 756 1925 utrumvis
775 1885 865 1925 satis
883 1893 965 1930 est;
995 1893 1033 1924 et
1051 1892 1136 1923 tum
1160 1885 1248 1931 hoc,
1268 1893 1355 1923 tum

228 1939 342 1988 illud,
369 1940 606 1992 probabilius
634 1940 799 1989 videtur,
830 1952 900 1978 nec
929 1947 1113 1991 praeterae
1140 1938 1355 1991 quidquam

256 1995 437 2034 robabile.

228 2006 256 2046 p
283 2048 346 2087 Ac
374 2049 546 2100 primum
575 2048 771 2088 Panaetius
802 2048 844 2086 in
882 2047 955 2086 hoc
994 2046 1256 2086 defendendus
1284 2053 1354 2094 est,

232 2102 337 2153 quod
369 2115 447 2141 non
479 2103 590 2141 utilia
621 2116 710 2142 cum
742 2102 910 2141 honestis
941 2114 1114 2154 pugnare
1150 2099 1357 2152 aliquando

228 2168 337 2207 posse
351 2156 489 2195 dixerit
509 2160 650 2209 (neque
668 2157 771 2196 enim
786 2157 821 2196 ei
837 2156 895 2195 fas
914 2164 1025 2204 erat),
1045 2155 1111 2195 sed
1125 2168 1183 2203 ea,
1199 2167 1286 2207 quae
1301 2154 1358 2192 vi·

232 2209 411 2250 derentur
426 2211 547 2250 utilia.
590 2211 703 2250 Nihil
723 2224 811 2250 vero
830 2210 938 2259 utile,
954 2209 1059 2263 quod
1076 2222 1154 2250 non
1172 2209 1274 2248 idem
1288 2207 1359 2247 ho-
