1470 2402
139 121 219 159 444
457 121 711 163 TIMAEUS.
743 122 849 163 CAP.
882 123 944 162 1-1.

135 229 316 269 omnibus
331 243 492 285 corpus:
521 233 692 285 itemque
708 233 748 271 in
767 246 812 272 eo
822 233 1007 272 influente
1020 238 1137 284 atque
1151 227 1264 270 efflu-

138 291 225 322 ente
255 286 386 325 animo
418 287 549 326 divino
579 288 746 327 ambitus
779 287 992 340 illigabant.
1023 287 1163 339 Itaque
1188 281 1262 334 illi,

136 339 179 377 in
198 339 345 379 flumen
363 341 549 387 immersi,
570 355 694 394 neque
721 344 916 391 tenebant,
936 355 1062 395 neque
1079 342 1263 380 teneban-

140 400 230 432 tur:
262 395 328 434 sed
348 396 386 434 vi
415 397 558 448 magna
587 404 672 435 tum
705 397 892 444 ferebant,
919 405 1005 435 tum
1031 397 1264 435 ferebantur.

141 447 205 486 Ita
223 457 348 489 totum
374 451 517 490 animal
538 453 765 490 movebatur
782 451 881 490 illud
899 451 1072 503 quidem,
1104 450 1171 489 sed
1190 449 1264 487 im-

140 503 350 553 moderate,
386 514 423 544 et
449 506 624 553 fortuitu,
659 515 704 545 ut
737 519 805 544 sex
835 507 1006 545 motibus
1037 505 1263 544 veheretur:

141 569 234 596 nam
267 568 304 598 et
333 568 421 599 ante
448 568 485 599 et
511 573 625 612 pone,
646 561 695 599 ad
713 561 851 600 laevam
871 570 908 599 et
938 560 987 599 ad
1016 559 1207 603 dextram,
1228 565 1267 597 et

141 624 295 651 sursum
328 623 365 653 et
396 615 591 661 deorsum,
617 615 734 654 modo
760 615 851 665 huc,
881 615 997 654 modo
1023 615 1116 653 illuc
1136 614 1158 634 ⁸
1189 613 1212 634 ⁸
1243 612 1267 633 ⁸

140 679 207 704 sex
227 681 310 708 oras
329 669 577 722 regionesque
591 683 721 709 versus
736 683 864 709 errans
879 669 1107 722 procedebat
1136 668 1158 690 ⁸
1190 667 1213 689 ⁸
1244 666 1267 688 ⁸

140 720 236 759 Jam
267 737 357 762 vero
383 738 515 763 earum
543 725 775 777 imaginum,
802 739 890 777 quae
908 725 1110 776 finguntur
1128 731 1165 762 et
1184 721 1270 761 red-

142 775 290 816 duntur
306 778 345 816 in
367 780 544 831 speculis,
567 791 777 832 eorumque
788 794 876 832 quae
889 778 1091 830 splendida
1109 786 1147 816 et
1157 776 1271 816 laevia

143 838 245 879 sunt,
283 834 469 872 rationem
502 835 713 886 perspicere
733 833 840 872 haud
869 833 1022 872 difficile
1045 839 1113 872 est.
1144 832 1268 879 Nam,

142 898 190 923 ex
217 886 317 938 ignis
349 889 563 941 utriusque,
598 888 746 927 externi
771 896 886 941 atque
910 887 1066 933 interni,
1097 899 1273 926 commu-

143 940 259 980 nione
277 942 375 981 inter
394 944 510 995 ipsos,
527 956 616 982 cum
631 956 733 982 unus
747 956 815 995 per
833 943 1003 994 singulas
1016 949 1143 994 partes
1162 940 1273 980 effec-

145 1002 222 1042 tus,
241 1005 277 1035 et
295 998 429 1036 multis
448 998 572 1036 modis
591 1011 744 1037 concors
763 1006 800 1037 et
819 1006 932 1050 aptus
950 996 1121 1036 redditus
1145 995 1187 1034 in
1204 995 1274 1034 lae-

145 1061 235 1089 vore
249 1053 418 1091 consedit
439 1053 460 1074 ⁸
493 1053 515 1074 ⁸
546 1053 569 1073 ⁸

201 1105 321 1144 XIV.
352 1107 427 1146 Sed
457 1108 488 1146 si
514 1108 554 1146 in
580 1107 780 1159 splendore
810 1105 992 1153 consedit,
1021 1113 1107 1144 tum
1132 1104 1194 1143 vel
1212 1117 1276 1142 ea-

146 1158 235 1198 dem
252 1161 407 1213 spedes,
423 1163 484 1201 vel
498 1163 692 1201 interdum
712 1162 934 1208 immutata,
949 1160 1122 1199 redditur
1142 1159 1165 1180 ⁸
1196 1158 1218 1180 ⁸
1250 1158 1274 1180 ⁸

145 1215 354 1268 omniaque
367 1215 592 1266 hujusmodi
610 1216 818 1255 necessario
830 1216 870 1254 in
890 1215 1044 1267 speculo
1057 1214 1276 1252 referuntur

150 1268 173 1289 ⁸
204 1269 226 1290 ⁸
258 1270 281 1291 ⁸
310 1283 398 1310 cum
418 1271 518 1322 ignis
537 1271 752 1316 oculorum,
783 1283 872 1309 cum
892 1282 936 1308 eo
954 1269 1043 1319 igne
1063 1268 1132 1319 qui
1150 1275 1207 1306 est
1223 1268 1277 1306 ob

145 1336 187 1363 os
206 1324 367 1371 offusus,
384 1325 406 1346 ⁸
438 1326 460 1346 ⁸
492 1326 514 1346 ⁸
550 1326 591 1363 in
611 1339 651 1363 re
679 1324 767 1364 laevi
795 1332 832 1363 et
857 1323 1057 1375 splendida
1077 1323 1099 1344 ⁸
1131 1322 1154 1343 ⁸
1184 1322 1207 1343 ⁸
1237 1335 1282 1360 se

147 1379 322 1418 confudit
346 1388 383 1418 et
414 1380 587 1419 contulit.
632 1379 784 1418 Dextra
813 1386 943 1417 autem
970 1377 1163 1424 videntur,
1188 1389 1278 1429 quae

147 1433 246 1472 laeva
272 1443 375 1481 sunt,
407 1435 513 1487 quia,
534 1434 730 1473 contrariis
747 1433 921 1486 partibus
945 1431 1160 1479 oculorum,
1187 1442 1278 1470 oon-

149 1488 285 1527 trarias
304 1497 431 1541 partes
460 1489 656 1540 attingunt
677 1489 699 1509 ⁸
731 1489 752 1509 ⁸
785 1488 807 1509 ⁸
836 1494 974 1540 praeter
991 1499 1140 1524 morem
1159 1482 1280 1524 usita-

151 1550 236 1581 tum
257 1543 491 1593 adjectionis,
514 1551 551 1582 et
570 1543 846 1582 commissurae.
867 1541 890 1562 ⁸
921 1541 944 1563 ⁸
975 1542 998 1562 ⁸
1028 1539 1279 1592 Respondent

151 1605 282 1636 autem
301 1598 437 1637 dextra
464 1597 622 1645 dextris,
641 1598 740 1636 laeva
763 1597 883 1644 laevis,
903 1595 1145 1635 conversione
1161 1594 1281 1633 lumi-

151 1663 263 1700 num,
284 1666 374 1692 cum
394 1667 439 1692 ea
457 1654 556 1691 inter
583 1665 622 1691 se
641 1665 719 1691 non
738 1652 1005 1691 cohaerescunt.
1037 1648 1085 1687 Id
1109 1649 1168 1697 fit,
1188 1661 1279 1687 cum

153 1708 400 1758 speculorum
430 1708 577 1746 laevitas
613 1707 704 1745 hinc
729 1706 913 1758 illincque
943 1703 1187 1743 altitudinem
1219 1715 1282 1741 as-

153 1761 307 1810 sumsit,
328 1770 365 1800 et
395 1762 449 1800 ita
468 1762 603 1800 dextra
621 1761 783 1799 detrusit
807 1761 847 1798 in
865 1760 1003 1798 laevam
1022 1766 1171 1810 partem
1190 1769 1282 1796 ocu-

153 1815 296 1864 lorum,
326 1817 499 1868 laevaque
517 1816 558 1854 in
586 1815 775 1854 dextram.
804 1814 953 1866 Supina
971 1812 1087 1852 etiam
1117 1825 1185 1851 ora
1202 1824 1284 1850 cer-

152 1878 301 1909 nuntur
331 1870 555 1922 depulsione
586 1869 799 1914 luminum,
830 1882 917 1922 quae
945 1874 1165 1906 convertens
1185 1865 1284 1904 infe-

153 1923 255 1963 riora
272 1924 412 1972 reddit,
433 1938 521 1977 quae
550 1933 641 1963 sunt
661 1924 867 1976 superiora.
895 1921 1023 1974 Atqui
1041 1920 1124 1959 haec
1151 1919 1284 1959 omnia

153 1990 202 2016 ex
217 1991 261 2017 eo
279 1992 416 2030 genere
431 1987 534 2025 sunt,
555 1992 643 2031 quae
659 1991 787 2017 rerum
806 1978 992 2028 adjuvant
1009 1988 1153 2014 causas.
1182 1973 1284 2022 Qui-

152 2032 227 2071 bus
259 2033 383 2072 utitur
410 2033 630 2072 ministerus
652 2032 776 2078 Deus,
811 2045 901 2072 cum
933 2029 1070 2082 optimi
1101 2028 1282 2080 speciem,

154 2087 284 2138 quoad
313 2087 396 2127 fieri
423 2095 562 2139 potest,
591 2086 717 2126 efficit.
748 2086 824 2126 Sed
849 2085 1071 2125 existimant
1094 2082 1282 2135 plerique,

156 2153 234 2180 non
266 2142 349 2181 haec
380 2142 606 2192 adjumenta
638 2154 856 2190 causarum,
888 2139 954 2179 sed
980 2138 1050 2177 has
1078 2137 1179 2189 ipsas
1204 2149 1288 2175 oese

155 2195 331 2233 omnium
351 2209 498 2243 causaS,
519 2209 608 2248 quae
625 2195 706 2234 vim
724 2195 893 2235 habeant
909 2192 1060 2245 frigoris
1078 2199 1116 2230 et
1134 2190 1283 2237 caloris,

158 2250 404 2290 concretionis
437 2258 475 2290 et
502 2250 690 2304 liquoris3
720 2256 873 2290 careant
890 2255 1018 2289 autem
1047 2245 1154 2286 omni
1171 2243 1286 2284 imel-
