1470 2402
211 101 291 139 316
366 100 443 141 DE
473 102 737 152 OFFICIIS,
759 102 860 143 Lm.
882 102 966 143 111.
987 102 1093 143 CAP.
1114 104 1180 141 20.

210 222 300 260 quae
327 222 376 249 ne
400 211 531 250 rustici
563 212 721 264 quidem
748 211 957 252 dubitent?
985 225 1010 251 a
1034 211 1176 264 quibus
1198 217 1335 248 natum

210 272 266 301 oet
284 263 339 313 id,
353 266 487 316 quod
472 279 555 315 Jam
575 267 781 305 contritum
796 274 852 305 aet
865 274 1052 305 vetustate
1063 265 1332 318 proverbium·

210 330 301 355 cum
320 320 422 357 enim
442 319 558 358 fidem
577 321 739 371 alicujus
750 321 1038 372 bonitatemque
1055 319 1229 390 laudant,
1249 317 1335 369 dig-

209 383 307 410 num
327 386 404 412 esse
423 373 604 423 dicunt,
609 377 802 427 ‘quicum
821 375 861 413 in
881 375 1044 413 tenebris
1057 373 1203 412 miooe?
1206 371 1336 410 'Hoc

210 439 329 477 quam
360 427 475 466 habet
501 429 596 476 vim,
626 429 700 467 nisi
725 429 848 477 illam,
876 428 974 467 nihil
1007 428 1200 480 expedire,
1230 425 1336 478 quod

209 492 286 518 non
306 481 450 529 deceat,
478 482 593 521 etiam
622 483 653 522 si
671 483 711 521 id
741 483 876 535 possis,
905 483 1013 522 nullo
1037 482 1247 527 refellente,
1267 480 1337 518 ob-

209 534 358 574 tinere
347 536 365 561 ⁹
396 537 433 574 V
435 536 565 576 idesne
594 537 727 589 igitur,
758 537 831 576 hoc
849 537 1062 589 proverbio,
1082 548 1209 588 neque
1228 533 1335 586 Gygi

209 588 269 627 illi
287 603 396 641 posse
415 591 567 629 veniam
587 592 683 639 dari,
704 604 830 644 neque
847 591 953 640 huic,
974 604 1091 643 quem
1108 603 1161 644 pa
1160 589 1227 628 ulo
1246 595 1336 627 ante

206 643 415 695 fingebam,
428 645 638 712 digitorum
650 646 904 708 percussione,
914 645 1151 684 haereditatae
1160 642 1337 683 omnium

206 710 316 748 posse
349 702 596 739 convertere?
633 701 690 739 Ut
726 700 844 748 enim,
883 699 988 752 quod
1024 706 1137 751 turpe
1173 706 1243 745 oet,
1280 696 1336 746 id,

207 753 385 803 quamvis
403 755 627 803 occultetur,
647 762 778 793 tamen
797 754 1003 793 honestum
1021 753 1104 792 fieri
1122 752 1232 791 nullo
1249 763 1334 790 mo-

206 806 257 844 do
276 815 427 859 potaet3
458 808 524 857 sic,
546 809 652 861 quod
668 809 873 847 honestum
898 821 976 847 non
1003 815 1073 856 oet,
1099 807 1141 845 id
1167 806 1263 845 utile
1289 812 1335 844 ut

207 860 270 909 sit,
283 861 380 900 effici
395 875 471 901 non
484 871 621 925 potest,
636 863 858 902 adversante
878 870 915 901 et
932 869 1171 915 repugnante
1182 859 1333 899 natura.

258 889 358 954 XX.
387 917 447 955 At
473 917 590 966 enim,
619 931 708 956 cum
733 930 944 970 permagna
971 916 1131 969 praemia
1153 922 1257 963 sunt,
1277 921 1334 952 oet

206 982 320 1007 causa
342 971 536 1022 peccandi.
579 946 630 1011 ’C.
659 972 812 1010 Marius
840 976 947 1015 (cum
974 984 997 1009 a
1022 984 1088 1023 spe
1114 968 1332 1009 consulatus

204 1023 319 1075 longe
337 1026 496 1075 abesset,
519 1034 555 1064 et
570 1027 655 1076 jam
675 1027 883 1078 septimum
908 1038 1056 1064 annum
1078 1031 1165 1076 post
1189 1029 1332 1076 praetu-

205 1090 289 1115 ram
321 1080 476 1128 jaceret,
505 1093 631 1132 neque
665 1081 855 1132 petiturus
888 1092 1064 1132 unquam
1088 1078 1331 1117 consulatum

204 1132 413 1194 videretur)
440 1135 492 1183 Q.
529 1135 753 1183 Metellum,
786 1136 897 1185 cujus
923 1135 1073 1186 legatus
1101 1140 1194 1179 erat,
1223 1143 1331 1170 sum·

203 1197 317 1224 mum
337 1188 463 1226 virum
483 1197 520 1227 et
539 1189 675 1236 civem,
696 1192 804 1232 (cum
831 1190 879 1227 ab
905 1202 963 1236 eo,
991 1188 1220 1239 imperatore
1245 1198 1328 1232 suo,

204 1239 375 1279 Romam
413 1243 552 1281 missus
590 1250 701 1291 esset)
738 1243 843 1295 apud
875 1242 1065 1303 populum
1103 1241 1329 1280 Romanum

202 1294 426 1335 criminatus
446 1305 515 1345 est,
535 1297 683 1336 bellum
701 1297 814 1335 illum
834 1296 995 1335 ducere.
1027 1296 1058 1335 si
1078 1308 1117 1334 se
1135 1294 1329 1334 consulem

202 1348 393 1397 fecissent,
420 1352 527 1389 brevi
556 1359 740 1403 tempore,
768 1359 836 1390 aut
866 1351 998 1389 vivum
1031 1358 1099 1388 aut
1130 1357 1329 1388 mortuum

204 1403 235 1441 J
237 1405 446 1455 ugurtham
468 1419 506 1444 se
532 1405 571 1443 in
598 1413 823 1457 potestatem
843 1405 978 1457 populi
1006 1404 1176 1443 Romani
1201 1402 1331 1442 redac-

202 1459 517 1511 turum.1taque
536 1460 658 1498 factus
687 1468 742 1498 est
760 1460 826 1498 ille
853 1459 1011 1520 (1111118111
1031 1458 1191 1503 consul;
1222 1457 1288 1496 sed
1305 1469 1329 1494 a

201 1511 278 1550 fide
306 1513 533 1566 justitiaque
562 1514 744 1561 discessit,
765 1514 835 1565 qui
867 1513 1056 1574 optimum
1087 1520 1124 1551 et
1151 1511 1329 1564 gravissi-

200 1578 312 1604 mum
333 1568 470 1617 civem,
495 1569 605 1629 cujus
618 1569 781 1620 legatus,
803 1576 840 1606 et
866 1581 889 1605 a
902 1580 981 1620 quo
998 1567 1138 1605 missus
1157 1574 1266 1614 esset,
1286 1565 1328 1604 in

199 1620 385 1660 invidiam
405 1622 502 1661 falso
521 1623 680 1661 crimine
699 1622 914 1660 adduxerit.

255 1675 321 1714 Ne
350 1685 478 1715 noster
510 1677 667 1729 quidem
699 1676 948 1715 Gratidianus
973 1675 1096 1714 officio
1127 1674 1221 1714 boni
1254 1674 1327 1713 viri

198 1729 356 1769 functus
385 1739 441 1770 εει
473 1739 573 1778 tum,
612 1744 702 1770 cum
732 1739 871 1783 praetor
901 1737 1010 1778 esset,
1043 1729 1326 1781 collegiumque

198 1792 409 1836 praetorum
437 1785 583 1823 tribuni
607 1785 729 1838 plebis
751 1784 1026 1831 adhibuissent,
1053 1792 1097 1822 ut
1125 1797 1184 1822 res
1211 1795 1328 1821 num-

200 1838 323 1876 maria
341 1839 389 1877 de
417 1840 614 1878 communi
633 1839 820 1878 sententia
842 1838 1144 1877 constitueretur.
1193 1837 1326 1876 Jacta-

199 1892 314 1930 batur
333 1893 434 1931 enim
463 1894 699 1945 temporibus
725 1893 802 1931 illis
826 1905 1027 1939 nummus,
1048 1892 1114 1939 sic,
1141 1899 1187 1930 ut
1211 1904 1325 1930 nemo

199 1955 326 1998 posset
338 1947 445 1996 scire,
466 1948 561 2000 quid
579 1948 746 1986 haberet.
777 1947 1094 1998 Conscripserunt
1108 1945 1326 1985 communi-

199 2008 257 2039 ter
275 2001 456 2050 edictum,
478 2015 567 2040 cum
587 2003 700 2054 poenfi.
719 2009 834 2054 atque
846 2000 990 2051 judicio
1004 2015 1016 2046 ;
1030 2000 1327 2039 constituerunt-

200 2068 291 2106 que,
311 2063 356 2093 ut
373 2069 506 2095 omnoe
525 2056 642 2094 simul
660 2056 701 2094 in
721 2056 862 2094 Rostra
879 2064 965 2108 post
978 2055 1178 2093 meridiem
1198 2066 1326 2093 escen-

199 2108 333 2147 derent
352 2125 361 2148 :
393 2119 430 2149 et
456 2111 581 2149 caeteri
600 2110 758 2162 quidem
777 2110 875 2148 alius
893 2110 994 2155 ali0;
1026 2109 1179 2147 Marius
1193 2122 1216 2146 a
1234 2110 1325 2147 sub-

201 2163 317 2202 selliis
344 2165 385 2202 in
420 2165 560 2204 Rostra
596 2165 725 2209 rectam
761 2164 892 2216 idque,
931 2163 1036 2216 quod
1072 2162 1327 2201 communiter

198 2219 454 2269 compositum
473 2218 612 2268 fuerat,
633 2219 736 2258 solus
761 2218 892 2257 edixit.
941 2218 995 2257 Et
1014 2231 1058 2256 ea
1076 2231 1135 2256 τω
1153 2217 1201 2260 (si
1220 2230 1327 2269 quae-
