<?xml version="1.0" encoding="UTF-8"?>
<!DOCTYPE html PUBLIC "-//W3C//DTD XHTML 1.0 Transitional//EN"
    "http://www.w3.org/TR/xhtml1/DTD/xhtml1-transitional.dtd">
<html xmlns="http://www.w3.org/1999/xhtml" xml:lang="en" lang="en">
 <head>
  <title>
</title>
<meta http-equiv="Content-Type" content="text/html;charset=utf-8" />
  <meta name='ocr-system' content='tesseract 3.04.00' />
  <meta name='ocr-capabilities' content='ocr_page ocr_carea ocr_par ocr_line ocrx_word'/>
</head>
<body>
  <div class='ocr_page' id='page_1' title='image "./operaern04ciceuoft_0132.png"; bbox 0 0 1470 2402; ppageno 0'>
   <div class='ocr_carea' id='block_1_1' title="bbox 129 36 946 90">
    <p class='ocr_par' dir='ltr' id='par_1_1' title="bbox 129 36 946 90">
     <span class='ocr_line' id='line_1_1' title="bbox 129 36 946 90; baseline 0.005 -16"><span class='ocrx_word' id='word_1_1' title='bbox 129 36 205 75; x_wconf 86' lang='lat'><strong>118</strong></span> <span class='ocrx_word' id='word_1_2' title='bbox 437 39 515 78; x_wconf 87' lang='lat' dir='ltr'><strong>DE</strong></span> <span class='ocrx_word' id='word_1_3' title='bbox 546 39 720 90; x_wconf 80' lang='lat' dir='ltr'><strong>FATo,</strong></span> <span class='ocrx_word' id='word_1_4' title='bbox 749 40 856 81; x_wconf 62' lang='lat' dir='ltr'><strong>cu.</strong></span> <span class='ocrx_word' id='word_1_5' title='bbox 884 41 946 79; x_wconf 83' lang='grc' dir='ltr'><strong>ιο.</strong></span> 
     </span>
    </p>
   </div>
   <div class='ocr_carea' id='block_1_2' title="bbox 71 147 1267 2216">
    <p class='ocr_par' dir='ltr' id='par_1_2' title="bbox 121 147 1252 403">
     <span class='ocr_line' id='line_1_2' title="bbox 123 147 1252 197; baseline 0.003 -15"><span class='ocrx_word' id='word_1_6' title='bbox 123 153 257 184; x_wconf 86' lang='lat' dir='ltr'><strong>turum</strong></span> <span class='ocrx_word' id='word_1_7' title='bbox 283 148 450 187; x_wconf 86' lang='lat' dir='ltr'><strong>converti</strong></span> <span class='ocrx_word' id='word_1_8' title='bbox 477 149 518 186; x_wconf 91' lang='lat' dir='ltr'><strong>in</strong></span> <span class='ocrx_word' id='word_1_9' title='bbox 546 149 703 197; x_wconf 89' lang='lat' dir='ltr'><strong>falsum,</strong></span> <span class='ocrx_word' id='word_1_10' title='bbox 732 149 801 188; x_wconf 89' lang='lat' dir='ltr'><strong>fati</strong></span> <span class='ocrx_word' id='word_1_11' title='bbox 829 148 1088 188; x_wconf 79' lang='lat' dir='ltr'><strong>necessitatem</strong></span> <span class='ocrx_word' id='word_1_12' title='bbox 1114 147 1252 186; x_wconf 81' lang='lat' dir='ltr'><strong>confir-</strong></span> 
     </span>
     <span class='ocr_line' id='line_1_3' title="bbox 122 201 1251 256; baseline 0.003 -20"><span class='ocrx_word' id='word_1_13' title='bbox 122 208 246 247; x_wconf 86' lang='lat' dir='ltr'><strong>mant,</strong></span> <span class='ocrx_word' id='word_1_14' title='bbox 267 201 333 240; x_wconf 86' lang='lat' dir='ltr'><strong>sed</strong></span> <span class='ocrx_word' id='word_1_15' title='bbox 352 205 556 241; x_wconf 82' lang='lat' dir='ltr'><strong>verborum</strong></span> <span class='ocrx_word' id='word_1_16' title='bbox 578 204 656 242; x_wconf 85' lang='lat' dir='ltr'><strong>vim</strong></span> <span class='ocrx_word' id='word_1_17' title='bbox 676 205 986 256; x_wconf 82' lang='lat' dir='ltr'><strong>interpretantur.</strong></span> <span class='ocrx_word' id='word_1_18' title='bbox 1015 203 1089 250; x_wconf 88' lang='lat' dir='ltr'><strong>At,</strong></span> <span class='ocrx_word' id='word_1_19' title='bbox 1105 201 1173 254; x_wconf 93' lang='lat' dir='ltr'><strong>qui</strong></span> <span class='ocrx_word' id='word_1_20' title='bbox 1191 201 1251 239; x_wconf 91' lang='lat' dir='ltr'><strong>in-</strong></span> 
     </span>
     <span class='ocr_line' id='line_1_4' title="bbox 121 254 1250 311; baseline 0.002 -20"><span class='ocrx_word' id='word_1_21' title='bbox 121 254 330 294; x_wconf 86' lang='lat' dir='ltr'><strong>troducunt</strong></span> <span class='ocrx_word' id='word_1_22' title='bbox 348 270 550 296; x_wconf 87' lang='lat' dir='ltr'><strong>causarum</strong></span> <span class='ocrx_word' id='word_1_23' title='bbox 571 259 704 297; x_wconf 89' lang='lat' dir='ltr'><strong>seriem</strong></span> <span class='ocrx_word' id='word_1_24' title='bbox 726 259 1012 311; x_wconf 86' lang='lat' dir='ltr'><strong>sempiternam,</strong></span> <span class='ocrx_word' id='word_1_25' title='bbox 1033 257 1061 294; x_wconf 92' lang='lat' dir='ltr'><strong>ii</strong></span> <span class='ocrx_word' id='word_1_26' title='bbox 1079 263 1250 294; x_wconf 83' lang='lat' dir='ltr'><strong>mentem</strong></span> 
     </span>
     <span class='ocr_line' id='line_1_5' title="bbox 121 308 1250 366; baseline 0.002 -20"><span class='ocrx_word' id='word_1_27' title='bbox 121 308 304 359; x_wconf 86' lang='lat' dir='ltr'><strong>hominis,</strong></span> <span class='ocrx_word' id='word_1_28' title='bbox 326 312 521 350; x_wconf 85' lang='lat' dir='ltr'><strong>voluntate</strong></span> <span class='ocrx_word' id='word_1_29' title='bbox 543 313 665 352; x_wconf 63' lang='lat' dir='ltr'><strong>libera</strong></span> <span class='ocrx_word' id='word_1_30' title='bbox 690 309 919 366; x_wconf 54' lang='lat' dir='ltr'><strong>spoliatamJ</strong></span> <span class='ocrx_word' id='word_1_31' title='bbox 931 308 1156 351; x_wconf 63' lang='lat' dir='ltr'><strong>necessitate</strong></span> <span class='ocrx_word' id='word_1_32' title='bbox 1179 309 1250 348; x_wconf 82' lang='lat' dir='ltr'><strong>fati</strong></span> 
     </span>
     <span class='ocr_line' id='line_1_6' title="bbox 122 362 357 403; baseline 0.004 -3"><span class='ocrx_word' id='word_1_33' title='bbox 122 362 357 403; x_wconf 82' lang='lat' dir='ltr'><strong>devinciunt.</strong></span> 
     </span>
    </p>

    <p class='ocr_par' dir='ltr' id='par_1_3' title="bbox 120 417 1258 961">
     <span class='ocr_line' id='line_1_7' title="bbox 176 417 1251 461; baseline 0 -5"><span class='ocrx_word' id='word_1_34' title='bbox 176 417 230 456; x_wconf 91' lang='lat' dir='ltr'><strong>X.</strong></span> <span class='ocrx_word' id='word_1_35' title='bbox 261 419 337 458; x_wconf 81' lang='lat' dir='ltr'><strong>Sed</strong></span> <span class='ocrx_word' id='word_1_36' title='bbox 356 420 437 459; x_wconf 90' lang='lat' dir='ltr'><strong>haec</strong></span> <span class='ocrx_word' id='word_1_37' title='bbox 455 421 652 461; x_wconf 88' lang='lat' dir='ltr'><strong>hactenus.</strong></span> <span class='ocrx_word' id='word_1_38' title='bbox 685 423 782 461; x_wconf 87' lang='lat' dir='ltr'><strong>Alia</strong></span> <span class='ocrx_word' id='word_1_39' title='bbox 800 423 1010 461; x_wconf 88' lang='lat' dir='ltr'><strong>videamus.</strong></span> <span class='ocrx_word' id='word_1_40' title='bbox 1043 418 1251 460; x_wconf 82' lang='lat' dir='ltr'><strong>Concludit</strong></span> 
     </span>
     <span class='ocr_line' id='line_1_8' title="bbox 122 472 1252 527; baseline 0.002 -17"><span class='ocrx_word' id='word_1_41' title='bbox 122 472 227 510; x_wconf 84' lang='lat' dir='ltr'><strong>enim</strong></span> <span class='ocrx_word' id='word_1_42' title='bbox 248 473 488 527; x_wconf 90' lang='lat' dir='ltr'>Chrysippus</span> <span class='ocrx_word' id='word_1_43' title='bbox 502 476 574 515; x_wconf 91' lang='lat' dir='ltr'><strong>hoc</strong></span> <span class='ocrx_word' id='word_1_44' title='bbox 589 476 725 515; x_wconf 90' lang='lat' dir='ltr'><strong>modo:</strong></span> <span class='ocrx_word' id='word_1_45' title='bbox 756 477 798 516; x_wconf 79' lang='lat' dir='ltr'><strong>Si</strong></span> <span class='ocrx_word' id='word_1_46' title='bbox 812 484 868 515; x_wconf 89' lang='lat' dir='ltr'><strong>est</strong></span> <span class='ocrx_word' id='word_1_47' title='bbox 882 484 1011 515; x_wconf 88' lang='lat' dir='ltr'><strong>motus</strong></span> <span class='ocrx_word' id='word_1_48' title='bbox 1025 475 1107 514; x_wconf 88' lang='lat' dir='ltr'><strong>sine</strong></span> <span class='ocrx_word' id='word_1_49' title='bbox 1121 474 1252 522; x_wconf 68' lang='lat' dir='ltr'><strong>causa,</strong></span> 
     </span>
     <span class='ocr_line' id='line_1_9' title="bbox 123 528 1254 583; baseline 0.002 -19"><span class='ocrx_word' id='word_1_50' title='bbox 123 539 202 565; x_wconf 91' lang='lat' dir='ltr'><strong>non</strong></span> <span class='ocrx_word' id='word_1_51' title='bbox 221 528 346 566; x_wconf 90' lang='lat' dir='ltr'><strong>omnis</strong></span> <span class='ocrx_word' id='word_1_52' title='bbox 366 530 579 569; x_wconf 86' lang='lat' dir='ltr'><strong>enuntiatio</strong></span> <span class='ocrx_word' id='word_1_53' title='bbox 599 531 721 583; x_wconf 89' lang='lat' dir='ltr'><strong>(quod</strong></span> <span class='ocrx_word' id='word_1_54' title='bbox 743 533 895 581; x_wconf 78' lang='grc' dir='ltr'><strong><em>Αξιωμα</em></strong></span> <span class='ocrx_word' id='word_1_55' title='bbox 914 529 1101 571; x_wconf 86' lang='lat' dir='ltr'><strong>dialectici</strong></span> <span class='ocrx_word' id='word_1_56' title='bbox 1119 528 1254 580; x_wconf 87' lang='lat' dir='ltr'><strong>appel-</strong></span> 
     </span>
     <span class='ocr_line' id='line_1_10' title="bbox 120 581 1254 629; baseline 0.003 -11"><span class='ocrx_word' id='word_1_57' title='bbox 120 581 219 629; x_wconf 89' lang='lat' dir='ltr'><strong>lant)</strong></span> <span class='ocrx_word' id='word_1_58' title='bbox 240 590 308 620; x_wconf 86' lang='lat' dir='ltr'><strong>aut</strong></span> <span class='ocrx_word' id='word_1_59' title='bbox 326 597 415 621; x_wconf 88' lang='lat' dir='ltr'><strong>vera</strong></span> <span class='ocrx_word' id='word_1_60' title='bbox 433 593 501 622; x_wconf 89' lang='lat' dir='ltr'><strong>aut</strong></span> <span class='ocrx_word' id='word_1_61' title='bbox 520 585 616 623; x_wconf 90' lang='lat' dir='ltr'><strong>falsa</strong></span> <span class='ocrx_word' id='word_1_62' title='bbox 636 586 717 624; x_wconf 86' lang='lat' dir='ltr'><strong>erit.</strong></span> <span class='ocrx_word' id='word_1_63' title='bbox 764 586 910 624; x_wconf 87' lang='lat' dir='ltr'><strong>Causas</strong></span> <span class='ocrx_word' id='word_1_64' title='bbox 930 586 1034 624; x_wconf 91' lang='lat' dir='ltr'><strong>enim</strong></span> <span class='ocrx_word' id='word_1_65' title='bbox 1049 583 1254 622; x_wconf 79' lang='lat' dir='ltr'><strong>efficientes</strong></span> 
     </span>
     <span class='ocr_line' id='line_1_11' title="bbox 122 636 1251 687; baseline 0.001 -14"><span class='ocrx_word' id='word_1_66' title='bbox 122 636 228 687; x_wconf 87' lang='lat' dir='ltr'><strong>quod</strong></span> <span class='ocrx_word' id='word_1_67' title='bbox 252 649 331 675; x_wconf 91' lang='lat' dir='ltr'><strong>non</strong></span> <span class='ocrx_word' id='word_1_68' title='bbox 359 638 530 687; x_wconf 80' lang='lat' dir='ltr'><strong>habebit,</strong></span> <span class='ocrx_word' id='word_1_69' title='bbox 561 640 600 677; x_wconf 92' lang='lat' dir='ltr'><strong>id</strong></span> <span class='ocrx_word' id='word_1_70' title='bbox 628 653 697 678; x_wconf 87' lang='lat' dir='ltr'><strong>nec</strong></span> <span class='ocrx_word' id='word_1_71' title='bbox 723 653 857 678; x_wconf 85' lang='lat' dir='ltr'><strong>verum</strong></span> <span class='ocrx_word' id='word_1_72' title='bbox 887 652 957 678; x_wconf 90' lang='lat' dir='ltr'><strong>nec</strong></span> <span class='ocrx_word' id='word_1_73' title='bbox 984 640 1127 678; x_wconf 80' lang='lat' dir='ltr'><strong>falsum</strong></span> <span class='ocrx_word' id='word_1_74' title='bbox 1154 637 1251 676; x_wconf 86' lang='lat' dir='ltr'><strong>erit:</strong></span> 
     </span>
     <span class='ocr_line' id='line_1_12' title="bbox 121 690 1254 733; baseline 0.002 -6"><span class='ocrx_word' id='word_1_75' title='bbox 121 690 247 728; x_wconf 88' lang='lat' dir='ltr'><strong>omnis</strong></span> <span class='ocrx_word' id='word_1_76' title='bbox 266 699 397 730; x_wconf 88' lang='lat' dir='ltr'><strong>autem</strong></span> <span class='ocrx_word' id='word_1_77' title='bbox 417 694 628 733; x_wconf 86' lang='lat' dir='ltr'><strong>enuntiatio</strong></span> <span class='ocrx_word' id='word_1_78' title='bbox 646 701 715 733; x_wconf 89' lang='lat' dir='ltr'><strong>aut</strong></span> <span class='ocrx_word' id='word_1_79' title='bbox 734 707 822 733; x_wconf 87' lang='lat' dir='ltr'><strong>vera</strong></span> <span class='ocrx_word' id='word_1_80' title='bbox 844 702 912 732; x_wconf 88' lang='lat' dir='ltr'><strong>aut</strong></span> <span class='ocrx_word' id='word_1_81' title='bbox 937 694 1034 732; x_wconf 88' lang='lat' dir='ltr'><strong>falsa</strong></span> <span class='ocrx_word' id='word_1_82' title='bbox 1059 700 1138 731; x_wconf 65' lang='lat' dir='ltr'><strong>aet:</strong></span> <span class='ocrx_word' id='word_1_83' title='bbox 1169 704 1254 730; x_wconf 87' lang='lat' dir='ltr'><strong>mo·</strong></span> 
     </span>
     <span class='ocr_line' id='line_1_13' title="bbox 122 746 1253 797; baseline 0.002 -15"><span class='ocrx_word' id='word_1_84' title='bbox 122 752 184 783; x_wconf 90' lang='lat' dir='ltr'><strong>tus</strong></span> <span class='ocrx_word' id='word_1_85' title='bbox 219 759 308 797; x_wconf 89' lang='lat' dir='ltr'><strong>ergo</strong></span> <span class='ocrx_word' id='word_1_86' title='bbox 342 747 423 785; x_wconf 91' lang='lat' dir='ltr'><strong>sine</strong></span> <span class='ocrx_word' id='word_1_87' title='bbox 456 749 570 786; x_wconf 68' lang='lat' dir='ltr'><strong>causa</strong></span> <span class='ocrx_word' id='word_1_88' title='bbox 601 749 733 787; x_wconf 89' lang='lat' dir='ltr'><strong>nullus</strong></span> <span class='ocrx_word' id='word_1_89' title='bbox 765 756 832 787; x_wconf 83' lang='lat' dir='ltr'><strong>est.</strong></span> <span class='ocrx_word' id='word_1_90' title='bbox 880 748 999 797; x_wconf 87' lang='lat' dir='ltr'><strong>Quod</strong></span> <span class='ocrx_word' id='word_1_91' title='bbox 1032 747 1063 786; x_wconf 92' lang='lat' dir='ltr'><strong>si</strong></span> <span class='ocrx_word' id='word_1_92' title='bbox 1096 746 1151 784; x_wconf 89' lang='lat' dir='ltr'><strong>ita</strong></span> <span class='ocrx_word' id='word_1_93' title='bbox 1182 753 1253 793; x_wconf 84' lang='lat' dir='ltr'><strong>est,</strong></span> 
     </span>
     <span class='ocr_line' id='line_1_14' title="bbox 121 799 1257 854; baseline 0.001 -18"><span class='ocrx_word' id='word_1_94' title='bbox 121 799 267 849; x_wconf 78' lang='lat' dir='ltr'><strong>omnia,</strong></span> <span class='ocrx_word' id='word_1_95' title='bbox 289 814 376 852; x_wconf 83' lang='lat' dir='ltr'><strong>quae</strong></span> <span class='ocrx_word' id='word_1_96' title='bbox 402 801 515 850; x_wconf 88' lang='lat' dir='ltr'><strong>fiunt,</strong></span> <span class='ocrx_word' id='word_1_97' title='bbox 536 804 658 841; x_wconf 87' lang='lat' dir='ltr'><strong>causis</strong></span> <span class='ocrx_word' id='word_1_98' title='bbox 681 804 780 842; x_wconf 87' lang='lat' dir='ltr'><strong>fiunt</strong></span> <span class='ocrx_word' id='word_1_99' title='bbox 802 802 1039 854; x_wconf 85' lang='lat' dir='ltr'><strong>antegressis.</strong></span> <span class='ocrx_word' id='word_1_100' title='bbox 1083 800 1132 839; x_wconf 91' lang='lat' dir='ltr'><strong>Id</strong></span> <span class='ocrx_word' id='word_1_101' title='bbox 1151 799 1183 839; x_wconf 88' lang='lat' dir='ltr'><strong>si</strong></span> <span class='ocrx_word' id='word_1_102' title='bbox 1201 800 1257 838; x_wconf 89' lang='lat' dir='ltr'><strong>ita</strong></span> 
     </span>
     <span class='ocr_line' id='line_1_15' title="bbox 124 855 1258 909; baseline 0.002 -18"><span class='ocrx_word' id='word_1_103' title='bbox 124 861 194 902; x_wconf 91' lang='lat' dir='ltr'><strong>est,</strong></span> <span class='ocrx_word' id='word_1_104' title='bbox 210 856 342 893; x_wconf 91' lang='lat' dir='ltr'><strong>omnia</strong></span> <span class='ocrx_word' id='word_1_105' title='bbox 360 855 440 894; x_wconf 89' lang='lat' dir='ltr'><strong>fato</strong></span> <span class='ocrx_word' id='word_1_106' title='bbox 458 856 569 896; x_wconf 83' lang='lat' dir='ltr'><strong>fiunt.</strong></span> <span class='ocrx_word' id='word_1_107' title='bbox 600 857 779 896; x_wconf 87' lang='lat' dir='ltr'><strong>Efficitur</strong></span> <span class='ocrx_word' id='word_1_108' title='bbox 797 857 930 909; x_wconf 88' lang='lat' dir='ltr'><strong>igitur,</strong></span> <span class='ocrx_word' id='word_1_109' title='bbox 945 857 1024 896; x_wconf 87' lang='lat' dir='ltr'><strong>fato</strong></span> <span class='ocrx_word' id='word_1_110' title='bbox 1039 855 1135 905; x_wconf 90' lang='lat' dir='ltr'><strong>fieri,</strong></span> <span class='ocrx_word' id='word_1_111' title='bbox 1151 868 1258 907; x_wconf 84' lang='lat' dir='ltr'><strong>quae-</strong></span> 
     </span>
     <span class='ocr_line' id='line_1_16' title="bbox 126 910 420 961; baseline 0.003 -13"><span class='ocrx_word' id='word_1_112' title='bbox 126 920 295 961; x_wconf 88' lang='lat' dir='ltr'><strong>cumque</strong></span> <span class='ocrx_word' id='word_1_113' title='bbox 314 910 420 949; x_wconf 84' lang='lat' dir='ltr'><strong>fiant.</strong></span> 
     </span>
    </p>

    <p class='ocr_par' dir='ltr' id='par_1_4' title="bbox 120 963 1261 1819">
     <span class='ocr_line' id='line_1_17' title="bbox 181 963 1257 1017; baseline 0 -16"><span class='ocrx_word' id='word_1_114' title='bbox 181 963 262 1002; x_wconf 81' lang='lat' dir='ltr'><strong>Hic</strong></span> <span class='ocrx_word' id='word_1_115' title='bbox 287 965 459 1016; x_wconf 86' lang='lat' dir='ltr'><strong>primum</strong></span> <span class='ocrx_word' id='word_1_116' title='bbox 485 966 518 1005; x_wconf 87' lang='lat' dir='ltr'><strong>si</strong></span> <span class='ocrx_word' id='word_1_117' title='bbox 543 967 641 1005; x_wconf 84' lang='lat' dir='ltr'><strong>mihi</strong></span> <span class='ocrx_word' id='word_1_118' title='bbox 666 967 784 1005; x_wconf 88' lang='lat' dir='ltr'><strong>libeat</strong></span> <span class='ocrx_word' id='word_1_119' title='bbox 809 966 982 1005; x_wconf 85' lang='lat' dir='ltr'><strong>assentiri</strong></span> <span class='ocrx_word' id='word_1_120' title='bbox 1004 964 1191 1017; x_wconf 84' lang='lat' dir='ltr'><strong>Epicuro,</strong></span> <span class='ocrx_word' id='word_1_121' title='bbox 1218 971 1257 1002; x_wconf 86' lang='lat' dir='ltr'><strong>et</strong></span> 
     </span>
     <span class='ocr_line' id='line_1_18' title="bbox 122 1021 1255 1069; baseline -0.001 -13"><span class='ocrx_word' id='word_1_122' title='bbox 122 1030 263 1069; x_wconf 89' lang='lat' dir='ltr'><strong>negare</strong></span> <span class='ocrx_word' id='word_1_123' title='bbox 294 1032 451 1058; x_wconf 89' lang='lat' dir='ltr'><strong>omnem</strong></span> <span class='ocrx_word' id='word_1_124' title='bbox 484 1021 788 1060; x_wconf 83' lang='lat' dir='ltr'><strong>enuntiationem</strong></span> <span class='ocrx_word' id='word_1_125' title='bbox 821 1029 889 1060; x_wconf 93' lang='lat' dir='ltr'><strong>aut</strong></span> <span class='ocrx_word' id='word_1_126' title='bbox 917 1034 1047 1059; x_wconf 89' lang='lat' dir='ltr'><strong>veram</strong></span> <span class='ocrx_word' id='word_1_127' title='bbox 1075 1031 1155 1057; x_wconf 88' lang='lat' dir='ltr'><strong>esse</strong></span> <span class='ocrx_word' id='word_1_128' title='bbox 1185 1025 1255 1056; x_wconf 90' lang='lat' dir='ltr'><strong>aut</strong></span> 
     </span>
     <span class='ocr_line' id='line_1_19' title="bbox 120 1072 1253 1128; baseline 0 -18"><span class='ocrx_word' id='word_1_129' title='bbox 120 1072 288 1119; x_wconf 79' lang='lat' dir='ltr'><strong>falsam3</strong></span> <span class='ocrx_word' id='word_1_130' title='bbox 327 1087 413 1112; x_wconf 90' lang='lat' dir='ltr'><strong>eam</strong></span> <span class='ocrx_word' id='word_1_131' title='bbox 445 1075 602 1127; x_wconf 85' lang='lat' dir='ltr'>plagam</span> <span class='ocrx_word' id='word_1_132' title='bbox 632 1076 761 1128; x_wconf 85' lang='lat' dir='ltr'><strong>potius</strong></span> <span class='ocrx_word' id='word_1_133' title='bbox 792 1075 992 1127; x_wconf 81' lang='lat' dir='ltr'><strong>accipiam,</strong></span> <span class='ocrx_word' id='word_1_134' title='bbox 1022 1086 1142 1127; x_wconf 89' lang='lat' dir='ltr'><strong>quam</strong></span> <span class='ocrx_word' id='word_1_135' title='bbox 1172 1072 1253 1110; x_wconf 87' lang='lat' dir='ltr'><strong>fato</strong></span> 
     </span>
     <span class='ocr_line' id='line_1_20' title="bbox 120 1125 1252 1181; baseline -0.001 -17"><span class='ocrx_word' id='word_1_136' title='bbox 120 1127 254 1165; x_wconf 89' lang='lat' dir='ltr'><strong>omnia</strong></span> <span class='ocrx_word' id='word_1_137' title='bbox 272 1127 353 1166; x_wconf 88' lang='lat' dir='ltr'><strong>fieri</strong></span> <span class='ocrx_word' id='word_1_138' title='bbox 377 1132 634 1181; x_wconf 73' lang='lat' dir='ltr'><strong>comprobem.</strong></span> <span class='ocrx_word' id='word_1_139' title='bbox 677 1130 755 1168; x_wconf 89' lang='lat' dir='ltr'><strong>Illa</strong></span> <span class='ocrx_word' id='word_1_140' title='bbox 774 1130 877 1168; x_wconf 88' lang='lat' dir='ltr'><strong>enim</strong></span> <span class='ocrx_word' id='word_1_141' title='bbox 897 1129 1085 1168; x_wconf 83' lang='lat' dir='ltr'><strong>sententia</strong></span> <span class='ocrx_word' id='word_1_142' title='bbox 1103 1125 1252 1178; x_wconf 87' lang='lat' dir='ltr'><strong>aliquid</strong></span> 
     </span>
     <span class='ocr_line' id='line_1_21' title="bbox 122 1180 1252 1235; baseline 0 -17"><span class='ocrx_word' id='word_1_143' title='bbox 122 1180 238 1220; x_wconf 90' lang='lat' dir='ltr'><strong>habet</strong></span> <span class='ocrx_word' id='word_1_144' title='bbox 267 1181 563 1235; x_wconf 68' lang='lat' dir='ltr'><strong>disputationis3</strong></span> <span class='ocrx_word' id='word_1_145' title='bbox 604 1185 686 1223; x_wconf 86' lang='lat' dir='ltr'><strong>haec</strong></span> <span class='ocrx_word' id='word_1_146' title='bbox 719 1198 807 1223; x_wconf 87' lang='lat' dir='ltr'><strong>vero</strong></span> <span class='ocrx_word' id='word_1_147' title='bbox 840 1197 919 1223; x_wconf 91' lang='lat' dir='ltr'><strong>non</strong></span> <span class='ocrx_word' id='word_1_148' title='bbox 947 1192 1003 1222; x_wconf 92' lang='lat' dir='ltr'><strong>est</strong></span> <span class='ocrx_word' id='word_1_149' title='bbox 1031 1181 1252 1222; x_wconf 74' lang='lat' dir='ltr'><strong>tolerabilis.</strong></span> 
     </span>
     <span class='ocr_line' id='line_1_22' title="bbox 124 1236 1254 1290; baseline 0 -17"><span class='ocrx_word' id='word_1_150' title='bbox 124 1236 263 1288; x_wconf 83' lang='lat' dir='ltr'><strong>Itaque</strong></span> <span class='ocrx_word' id='word_1_151' title='bbox 282 1238 477 1276; x_wconf 86' lang='lat' dir='ltr'><strong>contendit</strong></span> <span class='ocrx_word' id='word_1_152' title='bbox 495 1252 628 1278; x_wconf 85' lang='lat' dir='ltr'><strong>omnes</strong></span> <span class='ocrx_word' id='word_1_153' title='bbox 654 1252 788 1278; x_wconf 91' lang='lat' dir='ltr'><strong>nervos</strong></span> <span class='ocrx_word' id='word_1_154' title='bbox 816 1238 1072 1290; x_wconf 86' lang='lat' dir='ltr'><strong>Chrysippus,</strong></span> <span class='ocrx_word' id='word_1_155' title='bbox 1097 1244 1142 1274; x_wconf 91' lang='lat' dir='ltr'><strong>ut</strong></span> <span class='ocrx_word' id='word_1_156' title='bbox 1167 1249 1254 1287; x_wconf 86' lang='lat' dir='ltr'><strong>per-</strong></span> 
     </span>
     <span class='ocr_line' id='line_1_23' title="bbox 125 1289 1259 1344; baseline -0.001 -17"><span class='ocrx_word' id='word_1_157' title='bbox 125 1289 297 1339; x_wconf 89' lang='lat' dir='ltr'><strong>suadeat,</strong></span> <span class='ocrx_word' id='word_1_158' title='bbox 319 1304 434 1330; x_wconf 85' lang='lat' dir='ltr'><strong>omne</strong></span> <span class='ocrx_word' id='word_1_159' title='bbox 461 1295 606 1344; x_wconf 76' lang='grc' dir='ltr'><em>αξιωμα</em></span> <span class='ocrx_word' id='word_1_160' title='bbox 632 1301 701 1331; x_wconf 91' lang='lat' dir='ltr'><strong>aut</strong></span> <span class='ocrx_word' id='word_1_161' title='bbox 726 1306 861 1331; x_wconf 87' lang='lat' dir='ltr'><strong>verum</strong></span> <span class='ocrx_word' id='word_1_162' title='bbox 890 1306 982 1341; x_wconf 88' lang='lat' dir='ltr'><strong>esse,</strong></span> <span class='ocrx_word' id='word_1_163' title='bbox 1010 1299 1078 1330; x_wconf 89' lang='lat' dir='ltr'><strong>aut</strong></span> <span class='ocrx_word' id='word_1_164' title='bbox 1102 1290 1259 1328; x_wconf 87' lang='lat' dir='ltr'><strong>falsum.</strong></span> 
     </span>
     <span class='ocr_line' id='line_1_24' title="bbox 126 1344 1258 1398; baseline 0 -16"><span class='ocrx_word' id='word_1_165' title='bbox 126 1344 183 1383; x_wconf 91' lang='lat' dir='ltr'><strong>Ut</strong></span> <span class='ocrx_word' id='word_1_166' title='bbox 211 1345 314 1383; x_wconf 89' lang='lat' dir='ltr'><strong>enim</strong></span> <span class='ocrx_word' id='word_1_167' title='bbox 345 1347 541 1398; x_wconf 88' lang='lat' dir='ltr'><strong>Epicurus</strong></span> <span class='ocrx_word' id='word_1_168' title='bbox 571 1356 735 1395; x_wconf 81' lang='lat' dir='ltr'><strong>veretur,</strong></span> <span class='ocrx_word' id='word_1_169' title='bbox 766 1361 829 1395; x_wconf 91' lang='lat' dir='ltr'><strong>ne,</strong></span> <span class='ocrx_word' id='word_1_170' title='bbox 860 1347 891 1385; x_wconf 87' lang='lat' dir='ltr'><strong>si</strong></span> <span class='ocrx_word' id='word_1_171' title='bbox 919 1347 991 1385; x_wconf 84' lang='lat' dir='ltr'><strong>hoc</strong></span> <span class='ocrx_word' id='word_1_172' title='bbox 1019 1344 1258 1391; x_wconf 85' lang='lat' dir='ltr'><strong>concesserit,</strong></span> 
     </span>
     <span class='ocr_line' id='line_1_25' title="bbox 125 1398 1260 1454; baseline -0.001 -16"><span class='ocrx_word' id='word_1_173' title='bbox 125 1399 413 1438; x_wconf 89' lang='lat' dir='ltr'><strong>concedendum</strong></span> <span class='ocrx_word' id='word_1_174' title='bbox 457 1402 518 1451; x_wconf 89' lang='lat' dir='ltr'><strong>sit,</strong></span> <span class='ocrx_word' id='word_1_175' title='bbox 560 1402 640 1441; x_wconf 86' lang='lat' dir='ltr'><strong>fato</strong></span> <span class='ocrx_word' id='word_1_176' title='bbox 668 1402 764 1449; x_wconf 88' lang='lat' dir='ltr'><strong>fieri,</strong></span> <span class='ocrx_word' id='word_1_177' title='bbox 795 1415 1052 1454; x_wconf 86' lang='lat' dir='ltr'><strong>quaecumque</strong></span> <span class='ocrx_word' id='word_1_178' title='bbox 1080 1400 1175 1438; x_wconf 88' lang='lat' dir='ltr'><strong>fiant</strong></span> <span class='ocrx_word' id='word_1_179' title='bbox 1208 1398 1260 1440; x_wconf 88' lang='lat' dir='ltr'><strong>(si</strong></span> 
     </span>
     <span class='ocr_line' id='line_1_26' title="bbox 125 1452 1258 1504; baseline -0.001 -13"><span class='ocrx_word' id='word_1_180' title='bbox 125 1453 230 1492; x_wconf 90' lang='lat' dir='ltr'><strong>enim</strong></span> <span class='ocrx_word' id='word_1_181' title='bbox 263 1455 492 1494; x_wconf 83' lang='lat' dir='ltr'><strong>alterutrum</strong></span> <span class='ocrx_word' id='word_1_182' title='bbox 525 1470 573 1495; x_wconf 84' lang='lat' dir='ltr'><strong>ex</strong></span> <span class='ocrx_word' id='word_1_183' title='bbox 606 1457 815 1496; x_wconf 84' lang='lat' dir='ltr'><strong>aeternitate</strong></span> <span class='ocrx_word' id='word_1_184' title='bbox 844 1469 979 1495; x_wconf 84' lang='lat' dir='ltr'><strong>verum</strong></span> <span class='ocrx_word' id='word_1_185' title='bbox 1012 1456 1074 1504; x_wconf 91' lang='lat' dir='ltr'><strong>sit,</strong></span> <span class='ocrx_word' id='word_1_186' title='bbox 1107 1466 1186 1492; x_wconf 86' lang='lat' dir='ltr'><strong>esse</strong></span> <span class='ocrx_word' id='word_1_187' title='bbox 1216 1452 1258 1490; x_wconf 91' lang='lat' dir='ltr'><strong>id</strong></span> 
     </span>
     <span class='ocr_line' id='line_1_27' title="bbox 125 1508 1259 1559; baseline -0.001 -13"><span class='ocrx_word' id='word_1_188' title='bbox 125 1508 243 1546; x_wconf 87' lang='lat' dir='ltr'><strong>etiam</strong></span> <span class='ocrx_word' id='word_1_189' title='bbox 273 1516 448 1555; x_wconf 79' lang='lat' dir='ltr'><strong>certum3</strong></span> <span class='ocrx_word' id='word_1_190' title='bbox 488 1518 540 1558; x_wconf 90' lang='lat' dir='ltr'><strong>et,</strong></span> <span class='ocrx_word' id='word_1_191' title='bbox 574 1511 607 1550; x_wconf 89' lang='lat' dir='ltr'><strong>si</strong></span> <span class='ocrx_word' id='word_1_192' title='bbox 639 1519 801 1559; x_wconf 90' lang='lat' dir='ltr'><strong>certum,</strong></span> <span class='ocrx_word' id='word_1_193' title='bbox 831 1511 947 1549; x_wconf 87' lang='lat' dir='ltr'><strong>etiam</strong></span> <span class='ocrx_word' id='word_1_194' title='bbox 975 1508 1232 1548; x_wconf 86' lang='lat' dir='ltr'><strong>necessarium</strong></span> <span class='ocrx_word' id='word_1_195' title='bbox 1246 1521 1259 1545; x_wconf 74' lang='lat' dir='ltr'><strong><em>z</em></strong></span> 
     </span>
     <span class='ocr_line' id='line_1_28' title="bbox 126 1561 1258 1616; baseline -0.001 -16"><span class='ocrx_word' id='word_1_196' title='bbox 126 1563 182 1600; x_wconf 87' lang='lat' dir='ltr'><strong>ita</strong></span> <span class='ocrx_word' id='word_1_197' title='bbox 212 1570 250 1601; x_wconf 94' lang='lat' dir='ltr'><strong>et</strong></span> <span class='ocrx_word' id='word_1_198' title='bbox 279 1565 542 1603; x_wconf 88' lang='lat' dir='ltr'><strong>necessitatem</strong></span> <span class='ocrx_word' id='word_1_199' title='bbox 575 1573 612 1604; x_wconf 92' lang='lat' dir='ltr'><strong>et</strong></span> <span class='ocrx_word' id='word_1_200' title='bbox 642 1565 767 1603; x_wconf 86' lang='lat' dir='ltr'><strong>fatum</strong></span> <span class='ocrx_word' id='word_1_201' title='bbox 793 1565 1010 1604; x_wconf 85' lang='lat' dir='ltr'><strong>confirmari</strong></span> <span class='ocrx_word' id='word_1_202' title='bbox 1029 1571 1184 1616; x_wconf 88' lang='lat' dir='ltr'><strong>putat);</strong></span> <span class='ocrx_word' id='word_1_203' title='bbox 1204 1561 1258 1600; x_wconf 91' lang='lat' dir='ltr'><strong>sic</strong></span> 
     </span>
     <span class='ocr_line' id='line_1_29' title="bbox 129 1617 1261 1669; baseline -0.002 -13"><span class='ocrx_word' id='word_1_204' title='bbox 129 1617 370 1669; x_wconf 86' lang='lat' dir='ltr'><strong>Chrysippus</strong></span> <span class='ocrx_word' id='word_1_205' title='bbox 407 1619 561 1667; x_wconf 89' lang='lat' dir='ltr'><strong>metuit,</strong></span> <span class='ocrx_word' id='word_1_206' title='bbox 596 1632 659 1668; x_wconf 88' lang='lat' dir='ltr'><strong>ne,</strong></span> <span class='ocrx_word' id='word_1_207' title='bbox 695 1620 726 1657; x_wconf 91' lang='lat' dir='ltr'><strong>si</strong></span> <span class='ocrx_word' id='word_1_208' title='bbox 764 1632 841 1658; x_wconf 90' lang='lat' dir='ltr'><strong>non</strong></span> <span class='ocrx_word' id='word_1_209' title='bbox 873 1619 1096 1665; x_wconf 89' lang='lat' dir='ltr'><strong>obtinuerit,</strong></span> <span class='ocrx_word' id='word_1_210' title='bbox 1131 1629 1261 1665; x_wconf 86' lang='lat' dir='ltr'><strong>omne,</strong></span> 
     </span>
     <span class='ocr_line' id='line_1_30' title="bbox 129 1671 1261 1723; baseline -0.001 -14"><span class='ocrx_word' id='word_1_211' title='bbox 129 1671 235 1723; x_wconf 91' lang='lat' dir='ltr'><strong>quod</strong></span> <span class='ocrx_word' id='word_1_212' title='bbox 264 1673 499 1721; x_wconf 79' lang='lat' dir='ltr'><strong>enuntietur,</strong></span> <span class='ocrx_word' id='word_1_213' title='bbox 530 1683 597 1714; x_wconf 90' lang='lat' dir='ltr'><strong>aut</strong></span> <span class='ocrx_word' id='word_1_214' title='bbox 631 1687 766 1713; x_wconf 86' lang='lat' dir='ltr'><strong>verum</strong></span> <span class='ocrx_word' id='word_1_215' title='bbox 795 1687 872 1713; x_wconf 86' lang='lat' dir='ltr'><strong>esse</strong></span> <span class='ocrx_word' id='word_1_216' title='bbox 902 1681 970 1712; x_wconf 91' lang='lat' dir='ltr'><strong>aut</strong></span> <span class='ocrx_word' id='word_1_217' title='bbox 997 1673 1154 1719; x_wconf 85' lang='lat' dir='ltr'><strong>falsum,</strong></span> <span class='ocrx_word' id='word_1_218' title='bbox 1183 1682 1261 1708; x_wconf 90' lang='lat' dir='ltr'><strong>non</strong></span> 
     </span>
     <span class='ocr_line' id='line_1_31' title="bbox 129 1726 1261 1777; baseline -0.001 -14"><span class='ocrx_word' id='word_1_219' title='bbox 129 1734 269 1775; x_wconf 86' lang='lat' dir='ltr'><strong>teneat,</strong></span> <span class='ocrx_word' id='word_1_220' title='bbox 294 1726 426 1766; x_wconf 86' lang='lat' dir='ltr'><strong>omnia</strong></span> <span class='ocrx_word' id='word_1_221' title='bbox 450 1727 529 1767; x_wconf 85' lang='lat' dir='ltr'><strong>fato</strong></span> <span class='ocrx_word' id='word_1_222' title='bbox 555 1728 652 1777; x_wconf 87' lang='lat' dir='ltr'><strong>fieri,</strong></span> <span class='ocrx_word' id='word_1_223' title='bbox 673 1736 711 1767; x_wconf 91' lang='lat' dir='ltr'><strong>et</strong></span> <span class='ocrx_word' id='word_1_224' title='bbox 736 1741 784 1768; x_wconf 82' lang='lat' dir='ltr'><strong>ex</strong></span> <span class='ocrx_word' id='word_1_225' title='bbox 810 1728 932 1769; x_wconf 84' lang='lat' dir='ltr'><strong>causis</strong></span> <span class='ocrx_word' id='word_1_226' title='bbox 957 1727 1107 1766; x_wconf 85' lang='lat' dir='ltr'><strong>aeternis</strong></span> <span class='ocrx_word' id='word_1_227' title='bbox 1131 1737 1261 1764; x_wconf 88' lang='lat' dir='ltr'><strong>rerum</strong></span> 
     </span>
     <span class='ocr_line' id='line_1_32' title="bbox 132 1779 366 1819; baseline 0.009 -2"><span class='ocrx_word' id='word_1_228' title='bbox 132 1779 366 1819; x_wconf 83' lang='lat' dir='ltr'><strong>futurarum.</strong></span> 
     </span>
    </p>

    <p class='ocr_par' dir='ltr' id='par_1_5' title="bbox 71 1835 1267 2216">
     <span class='ocr_line' id='line_1_33' title="bbox 184 1835 1259 1887; baseline -0.001 -14"><span class='ocrx_word' id='word_1_229' title='bbox 184 1835 261 1873; x_wconf 80' lang='lat' dir='ltr'><strong>Sed</strong></span> <span class='ocrx_word' id='word_1_230' title='bbox 280 1835 475 1887; x_wconf 85' lang='lat' dir='ltr'><strong>Epicurus</strong></span> <span class='ocrx_word' id='word_1_231' title='bbox 494 1837 747 1876; x_wconf 88' lang='lat' dir='ltr'><strong>declinatione</strong></span> <span class='ocrx_word' id='word_1_232' title='bbox 766 1837 886 1875; x_wconf 90' lang='lat' dir='ltr'><strong>atomi</strong></span> <span class='ocrx_word' id='word_1_233' title='bbox 905 1836 1017 1875; x_wconf 87' lang='lat' dir='ltr'><strong>vitari</strong></span> <span class='ocrx_word' id='word_1_234' title='bbox 1035 1835 1105 1874; x_wconf 86' lang='lat' dir='ltr'><strong>fati</strong></span> <span class='ocrx_word' id='word_1_235' title='bbox 1130 1847 1259 1873; x_wconf 58' lang='lat' dir='ltr'><strong>neces-</strong></span> 
     </span>
     <span class='ocr_line' id='line_1_34' title="bbox 78 1889 1262 1944; baseline -0.003 -14"><span class='ocrx_word' id='word_1_236' title='bbox 78 1928 81 1930; x_wconf 90' lang='grc'><em>,</em></span> <span class='ocrx_word' id='word_1_237' title='bbox 130 1889 281 1928; x_wconf 82' lang='lat' dir='ltr'><strong>sitatem</strong></span> <span class='ocrx_word' id='word_1_238' title='bbox 306 1899 430 1941; x_wconf 87' lang='lat' dir='ltr'><strong>putat.</strong></span> <span class='ocrx_word' id='word_1_239' title='bbox 473 1892 613 1944; x_wconf 90' lang='lat' dir='ltr'><strong>Itaque</strong></span> <span class='ocrx_word' id='word_1_240' title='bbox 640 1892 773 1930; x_wconf 89' lang='lat' dir='ltr'><strong>tertius</strong></span> <span class='ocrx_word' id='word_1_241' title='bbox 799 1891 960 1944; x_wconf 87' lang='lat' dir='ltr'><strong>quidam</strong></span> <span class='ocrx_word' id='word_1_242' title='bbox 987 1899 1115 1928; x_wconf 88' lang='lat' dir='ltr'><strong>motus</strong></span> <span class='ocrx_word' id='word_1_243' title='bbox 1140 1889 1262 1927; x_wconf 84' lang='lat' dir='ltr'><strong>oritur</strong></span> 
     </span>
     <span class='ocr_line' id='line_1_35' title="bbox 71 1943 1262 2003; baseline -0.001 -23"><span class='ocrx_word' id='word_1_244' title='bbox 71 1951 73 1953; x_wconf 84' lang='grc'><em>“</em></span> <span class='ocrx_word' id='word_1_245' title='bbox 133 1951 242 1982; x_wconf 83' lang='lat' dir='ltr'><strong>extra</strong></span> <span class='ocrx_word' id='word_1_246' title='bbox 260 1945 412 2003; x_wconf 84' lang='lat' dir='ltr'><strong>pondus</strong></span> <span class='ocrx_word' id='word_1_247' title='bbox 431 1954 469 1984; x_wconf 87' lang='lat' dir='ltr'><strong>et</strong></span> <span class='ocrx_word' id='word_1_248' title='bbox 487 1946 661 1998; x_wconf 84' lang='lat' dir='ltr'><strong>plagam,</strong></span> <span class='ocrx_word' id='word_1_249' title='bbox 681 1960 771 1985; x_wconf 90' lang='lat' dir='ltr'><strong>cum</strong></span> <span class='ocrx_word' id='word_1_250' title='bbox 790 1947 956 1985; x_wconf 83' lang='lat' dir='ltr'><strong>declinat</strong></span> <span class='ocrx_word' id='word_1_251' title='bbox 975 1953 1126 1983; x_wconf 87' lang='lat' dir='ltr'><strong>atomus</strong></span> <span class='ocrx_word' id='word_1_252' title='bbox 1145 1943 1262 1980; x_wconf 88' lang='lat' dir='ltr'><strong>inter-</strong></span> 
     </span>
     <span class='ocr_line' id='line_1_36' title="bbox 133 1995 1262 2053; baseline -0.002 -16"><span class='ocrx_word' id='word_1_253' title='bbox 133 1997 235 2037; x_wconf 82' lang='lat' dir='ltr'><strong>vano</strong></span> <span class='ocrx_word' id='word_1_254' title='bbox 253 1995 429 2038; x_wconf 78' lang='lat' dir='ltr'><strong>n‘iinsmo.</strong></span> <span class='ocrx_word' id='word_1_255' title='bbox 467 2000 517 2038; x_wconf 90' lang='lat' dir='ltr'><strong>Id</strong></span> <span class='ocrx_word' id='word_1_256' title='bbox 536 2001 706 2052; x_wconf 90' lang='lat' dir='ltr'><strong>appellat</strong></span> <span class='ocrx_word' id='word_1_257' title='bbox 725 2004 955 2053; x_wconf 79' lang='grc' dir='ltr'><strong><em>Ελαχιστον.</em></strong></span> <span class='ocrx_word' id='word_1_258' title='bbox 993 1998 1126 2047; x_wconf 89' lang='lat' dir='ltr'><strong>Quam</strong></span> <span class='ocrx_word' id='word_1_259' title='bbox 1145 1996 1262 2035; x_wconf 83' lang='lat' dir='ltr'><strong>decli-</strong></span> 
     </span>
     <span class='ocr_line' id='line_1_37' title="bbox 134 2051 1263 2103; baseline 0 -15"><span class='ocrx_word' id='word_1_260' title='bbox 134 2052 332 2091; x_wconf 86' lang='lat' dir='ltr'><strong>nationem</strong></span> <span class='ocrx_word' id='word_1_261' title='bbox 347 2053 428 2093; x_wconf 88' lang='lat' dir='ltr'><strong>sine</strong></span> <span class='ocrx_word' id='word_1_262' title='bbox 447 2056 562 2094; x_wconf 66' lang='lat' dir='ltr'><strong>causa</strong></span> <span class='ocrx_word' id='word_1_263' title='bbox 580 2055 677 2103; x_wconf 88' lang='lat' dir='ltr'><strong>fieri,</strong></span> <span class='ocrx_word' id='word_1_264' title='bbox 698 2055 731 2093; x_wconf 87' lang='lat' dir='ltr'><strong>si</strong></span> <span class='ocrx_word' id='word_1_265' title='bbox 748 2055 879 2093; x_wconf 87' lang='lat' dir='ltr'><strong>minus</strong></span> <span class='ocrx_word' id='word_1_266' title='bbox 898 2053 1036 2099; x_wconf 87' lang='lat' dir='ltr'><strong>verbis,</strong></span> <span class='ocrx_word' id='word_1_267' title='bbox 1056 2065 1096 2090; x_wconf 92' lang='lat' dir='ltr'><strong>re</strong></span> <span class='ocrx_word' id='word_1_268' title='bbox 1115 2051 1263 2102; x_wconf 85' lang='lat' dir='ltr'><strong>cogitur</strong></span> 
     </span>
     <span class='ocr_line' id='line_1_38' title="bbox 132 2105 1261 2160; baseline -0.002 -16"><span class='ocrx_word' id='word_1_269' title='bbox 132 2106 320 2145; x_wconf 87' lang='lat' dir='ltr'><strong>confiteri.</strong></span> <span class='ocrx_word' id='word_1_270' title='bbox 346 2109 440 2147; x_wconf 90' lang='lat' dir='ltr'><strong>Non</strong></span> <span class='ocrx_word' id='word_1_271' title='bbox 455 2109 560 2147; x_wconf 88' lang='lat' dir='ltr'><strong>enim</strong></span> <span class='ocrx_word' id='word_1_272' title='bbox 574 2117 726 2148; x_wconf 76' lang='lat' dir='ltr'><strong>atomus</strong></span> <span class='ocrx_word' id='word_1_273' title='bbox 740 2110 789 2148; x_wconf 88' lang='lat' dir='ltr'><strong>ab</strong></span> <span class='ocrx_word' id='word_1_274' title='bbox 805 2117 934 2147; x_wconf 91' lang='lat' dir='ltr'><strong>atomo</strong></span> <span class='ocrx_word' id='word_1_275' title='bbox 948 2108 1059 2160; x_wconf 84' lang='lat' dir='ltr'><strong>pulsa</strong></span> <span class='ocrx_word' id='word_1_276' title='bbox 1073 2105 1239 2144; x_wconf 86' lang='lat' dir='ltr'><strong>declinat</strong></span> <span class='ocrx_word' id='word_1_277' title='bbox 1248 2118 1261 2142; x_wconf 70' lang='grc' dir='ltr'>ε</span> 
     </span>
     <span class='ocr_line' id='line_1_39' title="bbox 134 2159 1267 2216; baseline -0.002 -17"><span class='ocrx_word' id='word_1_278' title='bbox 134 2172 227 2199; x_wconf 89' lang='lat' dir='ltr'><strong>nam</strong></span> <span class='ocrx_word' id='word_1_279' title='bbox 246 2162 317 2213; x_wconf 83' lang='lat' dir='ltr'><strong>qui</strong></span> <span class='ocrx_word' id='word_1_280' title='bbox 336 2170 461 2215; x_wconf 64' lang='lat' dir='ltr'><strong>potaet</strong></span> <span class='ocrx_word' id='word_1_281' title='bbox 478 2163 571 2216; x_wconf 87' lang='lat' dir='ltr'><strong>pelli</strong></span> <span class='ocrx_word' id='word_1_282' title='bbox 590 2163 666 2203; x_wconf 88' lang='lat' dir='ltr'><strong>alia</strong></span> <span class='ocrx_word' id='word_1_283' title='bbox 684 2165 734 2204; x_wconf 89' lang='lat' dir='ltr'><strong>ab</strong></span> <span class='ocrx_word' id='word_1_284' title='bbox 753 2163 844 2212; x_wconf 67' lang='lat' dir='ltr'><strong>alia,</strong></span> <span class='ocrx_word' id='word_1_285' title='bbox 872 2162 904 2202; x_wconf 93' lang='lat' dir='ltr'><strong>si</strong></span> <span class='ocrx_word' id='word_1_286' title='bbox 931 2161 1118 2215; x_wconf 83' lang='lat' dir='ltr'><strong>gravitate</strong></span> <span class='ocrx_word' id='word_1_287' title='bbox 1136 2159 1267 2199; x_wconf 87' lang='lat' dir='ltr'><strong>ferun-</strong></span> 
     </span>
    </p>
   </div>
  </div>
 </body>
</html>
