1470 2402
196 127 274 168 106
301 127 381 169 DE
399 127 817 182 DIVINATIONE,
829 129 930 170 1⁴13.
944 130 1003 170 ΙΙ.
1020 129 1127 170 CAP.
1141 127 1208 174 70.

188 236 262 275 bus
280 244 318 275 et
335 236 574 277 advenientes
592 245 630 277 et
654 245 856 278 crescentes
878 239 1031 278 morbos
1057 237 1304 300 intelligunt.
1291 251 1304 262 ·

188 291 394 329 nonnullas
407 292 521 330 etiam
539 292 764 331 valetudinis
779 292 1082 344 significationes,
1095 299 1140 330 ut
1156 292 1259 331 hoc
1246 305 1307 343 lp-

187 356 290 404 sum,
310 345 415 395 pleni
433 346 601 384 enectine
619 345 750 392 simus,
771 359 818 384 ex
844 346 1011 398 quodam
1035 358 1174 398 genere
1202 358 1305 385 som-

186 396 341 435 niorum
373 399 535 450 intelligi
566 412 674 450 posse
705 400 848 438 dicunt.
895 400 1117 438 Thesaurus
1143 412 1245 448 vero,
1265 406 1304 438 et

186 450 401 501 haereditas,
435 461 473 492 et
506 453 638 502 honos,
671 460 707 491 et
738 454 905 501 victoria,
937 461 974 492 et
1002 454 1127 492 multa
1154 452 1303 504 generis

187 505 373 554 ejusdem,
394 520 472 558 qua
499 520 588 545 cum
617 507 771 546 somniis
789 507 953 545 naturali
971 507 1194 558 cognatione
1208 508 1302 556 jun-

188 567 356 608 guntur.
347 562 365 587 9
405 560 559 598 Dicitur
578 561 749 612 quidam,
770 574 859 599 cum
877 561 917 598 in
937 561 1078 599 somnis
1096 561 1301 612 complexu

182 610 357 651 Venereo
373 614 610 665 jungeretur,
633 615 796 652 calculos
808 615 970 664 ejecisse.
1002 614 1127 653 Video
1146 627 1302 665 sympa-

181 664 330 704 thiam.
360 667 485 705 visum
511 675 566 705 est
589 668 691 706 enim
710 669 787 706 tale
805 669 998 729 objectum
1016 667 1233 716 dormienti,
1254 675 1300 706 ut

178 718 237 766 id,
258 720 362 771 quod
376 722 512 768 evenit,
533 729 679 759 naturae
705 722 774 769 vis,
794 734 871 760 non
895 722 1022 773 opinio
1041 721 1187 769 erroris,
1209 722 1300 760 effe-

179 773 283 811 cerit.
324 774 448 822 Quae
438 775 555 825 igitur
572 783 709 813 natura
722 775 860 814 obtulit
870 775 977 813 illam
992 774 1155 826 speciem
1173 774 1301 813 Simo-

178 826 276 875 nidi,
297 841 319 865 a
338 842 416 880 qua
434 836 622 866 vetaretur
640 829 841 880 navigare.
831 831 849 857 9
878 836 945 867 aut
957 829 1051 881 quid
1069 836 1216 866 naturae
1233 841 1297 867 co·

179 881 359 941 palatum
373 883 508 920 habuit
518 882 743 931 Alcibiadis,
757 883 861 934 quod
872 883 1060 931 scribitur,
1072 882 1297 922 somnium?

178 934 262 985 qui,
275 936 391 986 paulo
410 945 498 974 ante
514 936 724 984 interitum,
752 937 854 975 visus
872 945 927 976 est
944 936 984 974 in
1004 935 1146 975 somnis
1164 936 1298 975 amicae

180 1000 260 1026 esse
287 989 448 1028 amictus
473 990 650 1029 amiculo.
686 992 728 1029 Is
746 1003 835 1028 cum
855 999 947 1029 esset
965 991 1155 1051 projectus
1179 989 1298 1028 inhu-

113 1080 118 1084 ,
178 1049 321 1089 matus,
341 1045 390 1081 ab
408 1044 661 1095 omnibusque
679 1044 847 1082 desertus
857 1046 1010 1094 jaceret,
1023 1044 1146 1082 amica
1159 1056 1296 1095 corpus

178 1096 262 1156 ejus
281 1097 377 1135 texit
395 1111 463 1136 suo
489 1098 618 1149 pallio.
647 1098 753 1149 Ergo
771 1098 843 1136 11οο
859 1099 980 1136 inerat
998 1098 1038 1135 in
1056 1099 1169 1136 rebus
1186 1097 1296 1135 futu-

177 1149 245 1197 115,
267 1158 303 1188 et
324 1163 454 1189 causas
471 1151 662 1190 naturales
680 1152 867 1191 habebat.
857 1154 874 1180 9
902 1164 966 1201 011,
987 1158 1025 1190 et
1041 1158 1087 1189 ut
1105 1151 1296 1190 videretur

178 1210 218 1242 et
235 1210 279 1241 ut
298 1205 474 1252 eveniret,
495 1218 601 1243 casus
621 1205 765 1244 effecit.
756 1208 773 1233 9

232 1257 367 1296 LXX.
396 1258 530 1306 Quid.
520 1261 537 1286 9
576 1259 747 1309 ipsorum
771 1259 1021 1310 interpretum
1048 1259 1290 1308 conjecturae,

175 1321 305 1349 nonne
334 1313 458 1363 magis
488 1312 642 1363 ingenia
670 1312 861 1350 declarant
888 1325 1034 1358 eorum,
1061 1325 1180 1364 quam
1211 1312 1294 1351 vim

174 1377 479 1426 consensumque
502 1373 674 1404 naturae.
665 1368 683 1393 9
723 1366 877 1412 Cursor,
908 1366 957 1404 ad
987 1340 1176 1417 Olympia
1204 1379 1294 1416 pro-

173 1418 290 1457 ficisci
307 1420 489 1470 cogitans,
509 1419 611 1457 visus
635 1427 690 1458 est
715 1419 754 1457 in
780 1419 922 1458 somnis
943 1432 1056 1457 curru
1086 1433 1139 1471 qu

171 1484 262 1510 rum
277 1473 375 1510 vehi.
405 1472 527 1511 Mane
541 1473 590 1510 ad
602 1474 862 1522 conjectorem.
889 1474 949 1511 At
961 1473 1040 1522 ille,
1059 1475 1087 1495 “
1103 1473 1290 1514 Vincas?

171 1525 323 1576 inquit.
366 1526 453 1564 “id
479 1527 581 1564 0111111
608 1527 774 1565 celeritas
802 1527 1002 1578 significat,
1029 1533 1066 1565 et
1090 1526 1146 1565 vis
1172 1538 1291 1578 equo-

171 1581 288 1617 rum.'
277 1580 303 1598 ''
355 1579 449 1619 Post
484 1580 587 1618 idem
623 1580 672 1618 ad
707 1581 1003 1632 Antiphontem
1065 1579 1106 1618 Is
1143 1588 1288 1629 autem,

172 1634 202 1656 ‘⁶
219 1633 427 1683 Vincare,”
446 1634 585 1686 inquit,
607 1636 635 1656 “
654 1646 802 1673 necesse
817 1642 883 1673 est.
911 1635 980 1672 An
995 1645 1072 1672 non
1091 1633 1287 1685 intelligis,

171 1696 337 1738 quatuor
354 1696 442 1726 ante
458 1696 496 1726 te
510 1687 745 1727 cucurrisse>
764 1688 904 1727 ‘Ecce
917 1688 1015 1726 alius
1026 1700 1180 1725 cursor:
1211 1691 1288 1731 (at-

171 1754 248 1792 que
265 1742 405 1780 horum
423 1742 672 1789 somniorum,
693 1750 730 1780 et
748 1742 899 1790 talium,
924 1741 1061 1793 plenus
1086 1751 1141 1779 est
1160 1740 1287 1793 Chry-

169 1795 271 1846 sippi
287 1796 397 1844 liber,
417 1796 553 1847 plenus
569 1795 798 1846 Antipatri.)
827 1796 902 1835 Sed
921 1795 970 1833 ad
987 1807 1177 1834 cursorem
1195 1795 1283 1833 red-

170 1861 240 1887 eo:
288 1850 337 1887 ad
366 1850 608 1901 interpretem
636 1849 786 1896 detulit,
815 1849 984 1901 aquilam
1008 1862 1047 1887 se
1071 1849 1112 1886 in
1141 1848 1285 1887 somnis

168 1902 294 1941 visum
311 1916 390 1942 esse
407 1903 563 1941 factum„
591 1903 650 1941 At
667 1903 746 1949 ille,
769 1905 797 1925 “
817 1903 953 1941 Vicisti
970 1917 981 1940 z
1010 1903 1084 1940 ista
1102 1902 1206 1940 enim
1224 1901 1288 1941 avi

167 1957 272 1995 volat
301 1957 409 1995 nulla
433 1957 733 1995 vehementius.”
780 1957 886 1995 Huic
910 1956 1065 2008 quidem
1089 1955 1282 2007 Antipho,

169 2011 199 2033 “
219 2011 366 2072 l3a10,'’
394 2010 533 2062 inquit,
569 2012 596 2033 ‘⁶
616 2018 653 2048 te
677 2010 820 2048 victum
845 2023 924 2049 esse
949 2022 1026 2047 non
1044 2009 1173 2048 vides.
1163 2011 1181 2037 9
1209 2009 1285 2048 ista

167 2064 272 2103 enim
290 2065 382 2113 avis,
397 2065 583 2104 insectans
593 2064 686 2103 01105
703 2077 791 2104 aves
804 2071 841 2104 et
851 2064 1014 2116 agitanS,
1032 2075 1181 2114 semper
1197 2063 1283 2114 ipsa

168 2125 360 2171 postrema
378 2118 475 2157 est.”

220 2171 359 2211 Parere
377 2171 554 2224 quaedam
571 2179 746 2210 matrona
756 2171 927 2223 cupiens,
942 2170 1122 2210 dubitans
1138 2176 1284 2208 essetne

165 2238 379 2280 praegnans,
399 2226 479 2266 visa
503 2233 560 2266 est
575 2225 617 2265 in
642 2225 772 2279 quiete
793 2224 1033 2277 obsignatam
1058 2223 1197 2264 habere
1219 2235 1290 2264 na·
