1470 2402
179 104 258 143 354
396 104 475 145 DE
505 98 864 155 SENECTUTE,
893 107 999 146 οη.
1023 105 1086 146 16.

175 212 237 250 vel
256 220 474 265 temporum
494 213 747 267 disciplinam.
778 215 912 264 Curio,
928 214 978 254 ad
995 214 1126 254 focum
1140 213 1299 263 sedenti,

175 278 365 318 magnum
384 270 468 307 auri
486 270 637 320 pondus
663 270 854 309 Samnites
878 283 968 308 cum
993 269 1222 316 attulissent,
1241 281 1301 306 re-

175 321 326 372 pudiati
345 325 394 361 ab
413 336 456 361 eo
482 332 594 362 sunt:
626 336 704 362 non
730 325 834 363 enim
859 337 998 362 aurum
1022 323 1177 371 habere,
1202 335 1301 374 prae-

176 375 324 414 clarum
344 377 416 416 sibi
430 377 549 415 videri
563 378 684 424 dixit3
710 378 774 417 sed
788 379 848 426 iis,
865 378 933 430 qui
946 379 1131 416 haberent
1144 389 1300 425 aurum,

175 429 376 481 imperare.
419 431 624 470 Poteratne
648 440 778 471 tantus
805 433 959 471 animus
986 444 1064 471 non
1087 430 1303 482 jucundam

177 484 324 523 efficere
343 494 576 524 senectutem
591 489 609 525 ?

232 539 310 577 Sed
328 540 439 578 venio
458 540 507 578 ad
526 541 723 592 agricolas,
743 554 792 580 ne
816 554 840 580 a
861 541 1007 593 meipso
1025 539 1212 579 recedam.
1253 538 1304 577 In

177 593 279 643 agris
298 602 405 632 erant
425 602 509 632 tum
530 604 733 642 senatores,
754 604 791 634 et
815 596 933 634 iidem
953 608 1081 634 senes:
1113 592 1304 646 siquidem

178 647 302 685 aranti
331 647 379 685 L.
405 647 570 696 Quintio
598 650 826 689 Cincinnato
858 650 1080 688 nuntiatum
1108 656 1178 695 est,
1213 659 1305 686 eum

178 699 403 739 dictatorem
423 716 501 741 esse
519 703 690 742 factum2
721 706 832 754 cujus
856 704 1048 742 dictatoris
1069 705 1195 753 jussu,
1219 714 1306 740 ma-

179 754 295 805 gister
314 756 490 807 equitum
510 758 555 797 C.
571 758 753 797 Servilius
771 759 904 797 Ahala
922 759 988 810 Sp.
1004 757 1200 805 Maelium,
1219 769 1306 807 reg-

180 819 277 847 num
297 819 556 861 appetentem,
584 820 813 864 occupatum
838 812 1042 851 interemit.
1082 812 1123 849 A
1147 810 1241 849 villa
1264 810 1306 848 in

182 871 358 902 senatum
378 868 662 905 arcessebantur
681 876 718 906 et
738 867 878 905 Curius
898 874 935 905 et
952 866 1077 905 caeteri
1095 878 1225 904 senes:
1257 877 1307 903 ex

181 930 274 968 quo,
307 918 374 970 qui
408 933 470 958 eos
502 923 753 969 arcessebant,
783 924 950 959 viatores
983 920 1171 958 nominati
1203 926 1306 957 sunt.

182 970 223 1009 N
228 984 296 1009 um
319 973 438 1023 igitur
464 987 597 1013 eorum
624 983 795 1014 senectus
820 974 1047 1014 miserabilis
1071 974 1161 1020 fuit,
1181 973 1250 1025 qui
1268 985 1308 1011 se

181 1026 263 1076 agri
289 1027 456 1066 cultione
480 1030 722 1068 oblectabant
736 1032 754 1068 Ρ
794 1030 891 1068 Mea
917 1029 1077 1081 quidem
1104 1027 1307 1075 sententia,

181 1078 289 1117 haud
308 1082 397 1127 scio,
419 1095 467 1120 an
494 1084 576 1121 ulla
598 1084 743 1122 beatior
767 1097 847 1123 esse
864 1084 1006 1136 possit:
1037 1095 1163 1134 neque
1181 1082 1307 1120 solum

181 1133 320 1183 officio,
341 1137 445 1187 quod
464 1137 667 1176 hominum
687 1139 817 1189 generi
834 1139 1011 1176 universo
1029 1137 1181 1176 cultura
1198 1147 1309 1187 agro-

183 1200 271 1225 rum
288 1196 343 1227 est
363 1191 551 1239 salutaris,
572 1192 638 1230 sed
658 1201 694 1230 et
713 1193 961 1231 delectatione
980 1194 1117 1243 (quam
1136 1190 1251 1237 dixi),
1271 1197 1309 1228 et

183 1243 381 1282 saturitate
407 1245 593 1297 copiaque
615 1246 791 1284 omnium
811 1259 956 1293 rerum,
987 1259 1075 1297 quae
1093 1244 1143 1283 ad
1162 1244 1308 1282 victum

183 1293 404 1345 hominum,
424 1299 473 1336 ad
492 1300 642 1338 cultum
663 1301 778 1338 etiam
799 1300 988 1345 Deorum,
1009 1299 1223 1351 pertinent:
1250 1305 1308 1344 ut,

183 1351 369 1401 quoniam
401 1352 483 1391 haec
510 1354 669 1405 quidam
697 1354 926 1400 desiderant,
960 1354 1000 1392 in
1033 1353 1198 1404 gratiam
1226 1352 1310 1401 jam

183 1415 274 1442 cum
295 1404 492 1458 voluptate
511 1408 721 1446 redeamus.
751 1410 912 1460 Semper
926 1408 1029 1446 enim
1045 1408 1135 1446 boni
1149 1405 1310 1446 assidui-

184 1470 262 1510 que
280 1459 428 1498 domini
450 1461 587 1500 referta
613 1463 708 1501 cella
733 1463 893 1510 vinaria,
922 1462 1075 1507 olearia,
1103 1461 1219 1500 etiam
1244 1473 1311 1512 pe-

185 1513 294 1551 naria
313 1522 393 1559 est;
419 1515 587 1567 villaque
606 1524 686 1555 tota
702 1518 872 1569 locuples
891 1525 966 1555 est:
991 1515 1163 1555 abundat
1181 1527 1310 1567 porco,

185 1565 312 1614 haedo,
334 1581 448 1619 agno,
469 1570 629 1621 gallina,
649 1571 761 1619 lacte,
785 1584 906 1618 caseo,
932 1571 1060 1609 melle.
1101 1570 1196 1609 Jam
1221 1569 1312 1607 hor-

185 1627 271 1659 tum
291 1622 364 1673 ipsi
383 1624 558 1674 agricolae
577 1625 782 1663 succidiam
801 1626 961 1664 alteram
979 1625 1199 1676 appellant:
1225 1631 1311 1662 tum

186 1676 397 1716 conditiora
415 1678 505 1717 facit
524 1679 605 1718 haec
624 1679 894 1732 supervacanei
911 1679 1028 1718 etiam
1052 1678 1175 1731 operis
1194 1690 1312 1716 aucu-

187 1729 297 1781 pium
317 1739 434 1784 atque
452 1734 614 1772 venatio.

243 1783 353 1832 Quid
378 1786 426 1824 de
447 1796 646 1838 pratorum
661 1788 865 1836 viriditate,
885 1796 954 1827 aut
971 1789 1152 1827 arborum
1170 1785 1314 1826 ordini-

187 1838 276 1886 bus,
310 1847 378 1878 aut
410 1841 610 1880 vinearum
643 1843 948 1894 olivetorumque
981 1842 1117 1894 specie,
1151 1841 1276 1879 dicam
1294 1841 1312 1879 ἓ

188 1892 307 1931 Brevi
325 1895 543 1945 praecidam.
573 1897 684 1947 Agro
698 1898 795 1935 bene
808 1897 913 1936 culto
930 1897 987 1935 nil
1001 1904 1125 1948 potest
1138 1908 1230 1942 esse,
1243 1906 1314 1933 nec

188 1959 261 1984 usu
276 1948 446 1997 uberius,
459 1962 528 1988 nec
543 1951 665 2002 specie
679 1952 870 1996 ornatius;
892 1951 941 1989 ad
956 1963 1074 2002 quem
1087 1949 1312 1997 fruendum,

189 2011 267 2038 non
286 2002 402 2041 modo
427 2015 504 2042 non
530 2004 710 2051 retardat,
738 2018 871 2044 verum
898 2005 1014 2044 etiam
1039 2004 1176 2043 invitat
1199 2011 1315 2054 atque

192 2054 346 2093 allectat
376 2066 561 2097 senectus.
603 2059 683 2098 Ubi
705 2059 808 2097 enim
834 2067 958 2111 potest
976 2059 1044 2097 illa
1063 2066 1153 2097 aetas
1171 2065 1239 2096 aut
1257 2069 1319 2095 ca·

188 2107 327 2146 leseere
346 2111 406 2148 vel
424 2112 656 2162 apricatione
674 2113 814 2152 melius
836 2114 896 2152 vel
920 2113 1028 2164 igni;
1058 2119 1127 2151 aut
1151 2110 1316 2150 vicissim

189 2162 339 2201 umbris
371 2166 527 2217 aquisve
559 2167 773 2219 refrigerari
806 2168 998 2206 salubrius
1014 2169 1032 2206 ἓ
1085 2165 1169 2206 Sibi
1199 2164 1319 2217 igitur

189 2213 357 2256 babeant
381 2231 502 2267 arma,
530 2220 602 2260 sibi
629 2233 760 2273 equos,
789 2221 860 2261 sibi
884 2221 1026 2270 hastas,
1052 2220 1123 2262 sibi
1151 2219 1315 2265 claun».

1427 2264 1452 2271 ι
