1470 2402
351 495 604 551 ARATI
644 489 1195 554 PHAENOMENA‚

277 639 319 678 A
339 639 401 678 M.
425 639 476 678 Τ.
508 638 805 680 CICERONE
840 635 1285 685 ADOLESCENTE,

558 764 741 791 LATIXE
773 763 1006 791 REDDITA.

214 860 357 912 [Deest
375 863 635 913 principium,
657 865 766 912 cujus
786 867 912 901 tamen
933 864 1181 913 Fragmenta
1195 863 1342 914 aliquot

268 918 397 955 videre
416 921 488 962 est,
508 918 553 954 ab
575 919 657 967 ipso
681 918 866 956 Cicerone
885 919 1019 966 allata,
1041 919 1083 956 in
1102 918 1200 956 libro
1227 919 1257 940 “
1277 916 1342 955 Dc

266 971 307 1009 N
311 972 422 1010 atur&⁴
439 971 616 1010 Deorum
633 971 658 988 '⁹
687 973 886 1024 secunda]

207 1212 244 1250 E
274 1212 415 1264 quibus
433 1213 538 1253 hunc
556 1216 686 1253 subter
703 1213 826 1266 possis
844 1227 1068 1276 cognoscere
1085 1214 1244 1252 fultum.

209 1266 239 1304 J
242 1279 306 1304 am
325 1267 410 1306 coeli
427 1269 598 1306 mediam
617 1278 766 1320 partem
786 1269 887 1315 terit,
909 1276 953 1306 ut
970 1269 1077 1320 prius
1095 1269 1173 1307 illae

211 1318 472 1368 Che1ae‚cum
492 1331 625 1374 pectus
644 1323 749 1374 quod
768 1323 936 1361 cernitur
955 1322 1123 1362 Orionis.

208 1373 265 1413 Et
282 1388 401 1428 prope
420 1377 627 1438 conspicies
645 1390 811 1429 parvum
831 1378 902 1416 sub
921 1385 1073 1428 pectore
1091 1377 1192 1416 clam

209 1429 473 1469 Andromedae
492 1432 663 1482 signum,
685 1431 868 1470 Deltoton
885 1431 1010 1470 dicere
1029 1431 1139 1469 Graii
1313 1432 1339 1469 5

210 1482 330 1530 Quod
348 1485 464 1531 soliti,
486 1486 603 1524 simili
622 1486 714 1538 quia.
732 1486 860 1524 forma
877 1486 990 1524 litera.
1008 1486 1149 1525 claret.

210 1537 318 1577 Huic
337 1539 466 1601 spatio.
478 1540 640 1579 ductum
659 1541 777 1578 simili
795 1540 898 1579 latus
913 1547 1036 1578 exstat
1057 1548 1294 1592 utrumque·

208 1592 269 1631 At
287 1606 364 1632 non
384 1594 495 1633 tertia
512 1608 601 1646 pars
619 1595 773 1634 lateris·
804 1607 976 1647 namque
993 1602 1049 1633 est
1066 1594 1193 1633 minor
1209 1594 1313 1641 illis;

211 1646 288 1685 Sed
306 1648 424 1687 stellis
443 1649 558 1701 longe
577 1649 705 1688 densis
722 1649 908 1702 praeclara
927 1649 1081 1688 relucet.

211 1699 375 1741 Inferior
394 1704 512 1754 paulo
527 1711 584 1742 est
600 1703 726 1751 Aries,
747 1713 785 1742 et
802 1703 944 1742 flamen
964 1703 1014 1741 ad
1033 1703 1169 1742 Austri
1292 1703 1343 1741 10

213 1754 463 1803 Inclinatior;
494 1766 610 1810 atque
629 1758 745 1797 etiam
765 1757 1028 1797 vehementius
1042 1758 1110 1796 illo

213 1810 356 1857 Pisces,
378 1824 545 1863 quorum
567 1813 662 1851 alter
680 1813 798 1864 paulo
816 1812 1040 1864 praelabitur
1058 1820 1161 1859 ante,

216 1864 272 1902 Et
290 1866 414 1916 magis
433 1865 639 1905 horrisonis
658 1866 868 1919 Aquilonis
887 1866 1059 1917 tangitur
1078 1866 1160 1905 alis.

211 1919 351 1970 Atque
370 1919 510 1958 horum
530 1933 550 1958 e
570 1920 701 1959 caudis
719 1921 892 1973 duplices
911 1921 1017 1959 velut
1035 1933 1115 1959 esse
1133 1927 1278 1960 catenae

214 1973 436 2012 Dicuntur.
469 1988 538 2012 sua
556 1974 715 2013 diversae
733 1988 801 2027 per
819 1975 971 2013 lumina
990 1982 1172 2026 serpunt·
1295 1975 1344 2012 15

215 2027 348 2079 Atque
367 2040 445 2066 una
463 2029 651 2067 tandem
641 2042 682 2067 in
701 2029 812 2068 stella
830 2028 1066 2068 communite
1069 2042 1086 2066 r
1103 2028 1264 2076 haerent,

215 2081 350 2129 Quam
371 2090 513 2121 veteres
533 2083 635 2122 soliti
654 2084 844 2122 coelestem
862 2083 986 2122 dicere
1008 2082 1181 2121 Nodum.

214 2135 473 2175 Andromedae
491 2137 588 2176 laevo
604 2150 653 2176 ex
671 2138 834 2176 humero
853 2138 884 2175 si
902 2149 1072 2197 quaerere
1089 2149 1237 2188 perges,

216 2190 458 2240 Appositum
477 2191 617 2242 poteris
635 2205 753 2243 supra
769 2203 993 2242 cognoscere
1013 2189 1176 2229 Piscem.

216 2243 251 2281 E
271 2243 448 2294 pedibus,
469 2252 606 2283 natum
626 2258 781 2284 summo
799 2246 900 2284 Jove
918 2246 1054 2283 Persea
1072 2244 1182 2290 vises,
1294 2248 1347 2285 20
