1470 2402
202 137 282 175 424
358 137 639 180 SOMNIUM
670 136 971 180 SCIPIONIS.
1001 138 1107 178 CAP.
1128 138 1167 177 6.

199 245 275 284 nisi
303 248 465 287 mortale
489 256 527 288 et
551 249 755 298 caducum,
780 256 917 301 praeter
937 248 1086 287 anim0⁸
1109 245 1241 299 generi
1263 245 1334 285 ho-

198 300 353 339 minum
381 315 543 343 munere
562 304 738 343 Deorum
768 304 888 343 datos.
929 303 1057 364 Supra
1079 302 1217 340 lunam
1242 307 1334 340 sunt

200 361 343 394 aeterna
361 357 515 396 omnia:
546 371 639 397 nam
664 372 722 406 ea,
743 372 831 411 quae
849 365 906 397 est
923 357 1053 396 mecha
1069 363 1108 395 et
1125 367 1242 404 nona,
1261 353 1344 393 tel-=

199 408 276 457 lus,
305 422 432 462 neque
456 421 646 461 movetur,
674 422 711 452 et
729 414 865 451 infima
883 420 953 461 oet,
982 419 1021 450 et
1037 412 1079 450 in
1098 423 1185 450 eam
1202 409 1334 449 ferun-

199 469 264 502 tur
283 465 414 503 omnia
432 479 501 505 suo
520 475 617 506 nutu
637 468 819 519 pondera.

266 518 319 557 V.
361 519 463 567 Quae
496 534 584 560 cum
617 522 786 561 intuerer
818 529 988 573 stupenS,
1022 527 1067 559 ut
1098 532 1163 558 me
1194 518 1332 571 recepi,

199 570 311 619 Quid
325 575 343 612 ἓ
383 574 461 623 hic,
492 575 669 627 inquam,
704 577 792 628 quis
821 584 891 623 est,
923 576 993 628 qui
1024 573 1192 626 complet
1222 585 1333 612 aures

198 638 319 674 meas,
346 634 476 667 tantus
507 638 543 668 et
570 638 651 668 tam
679 630 803 670 dulcis
829 632 976 669 sonus?
1006 629 1086 668 Hic
1110 636 1181 674 est,
1206 626 1336 679 inquit

199 680 279 728 ille,
301 681 383 733 qui,
399 682 609 723 intervallis
628 686 855 735 conjunctus
873 683 1101 736 imparibus,
1121 682 1187 722 sed
1201 689 1332 720 tamen

200 747 271 787 pro
289 736 375 774 rata
392 745 500 788 parte
518 740 664 778 ratione
683 739 884 787 distinctis,
903 739 1076 790 impulsu
1095 744 1133 776 et
1149 743 1259 775 motu
1273 736 1335 788 ip-

199 802 334 828 sorum
360 792 514 830 orbium
545 793 770 839 conficitur;
800 794 883 846 qui..
910 801 1023 832 acuta
1039 804 1131 832 cum
1153 790 1335 842 gravibus

201 850 434 896 temperans,
455 847 578 886 varios
598 848 835 900 aequabiliter
853 855 1059 887 concentus
1077 845 1203 885 efficit.
1250 845 1337 884 Nec

200 899 305 937 enim
324 900 473 940 silentio
493 902 589 940 tanti
607 911 736 941 motus
754 903 904 941 incitari
921 908 1106 954 possunt,
1134 907 1173 939 et
1197 907 1336 938 natura

198 951 287 1001 fert,
314 962 360 992 ut
389 963 562 994 extrema
587 969 634 995 ex
661 957 782 996 altera
807 965 916 1009 parte
942 956 1121 1008 graviter,
1148 967 1198 993 ex
1215 953 1337 993 altera

198 1015 332 1046 autem
347 1019 458 1048 acute
477 1018 623 1049 sonent.
665 1011 801 1060 Quam
816 1013 865 1050 ob
880 1023 1052 1058 causam,
1072 1021 1250 1048 summus
1267 1008 1334 1047 ille

196 1062 283 1100 coeli
307 1063 465 1102 stellifer
489 1078 635 1113 cursus,
664 1067 774 1116 cujus
799 1065 993 1105 conversio
1018 1072 1075 1104 aet
1099 1062 1335 1110 concitatior,

196 1124 311 1155 acuto
326 1125 363 1156 et
378 1119 541 1158 excitato
556 1128 733 1159 movetur
748 1133 840 1159 sono
854 1134 866 1166 3
883 1119 1107 1171 gravissimo
1125 1125 1256 1156 autem
1269 1116 1334 1156 hic

197 1170 344 1210 lunaris
363 1180 479 1224 atque
497 1173 667 1213 infimus.
716 1175 824 1213 Nam
842 1182 955 1221 terra,
979 1186 1096 1221 nona,
1122 1171 1335 1210 immobilis

195 1235 371 1274 manens,
393 1227 473 1265 ima
492 1228 579 1266 sede
606 1242 755 1280 semper
773 1229 905 1277 haeret,
933 1228 1135 1279 complexa
1158 1225 1334 1264 medium

195 1279 336 1317 mundi
365 1281 520 1320 locum:
558 1282 617 1321 illi
649 1291 780 1321 autem
812 1290 897 1322 octo
929 1295 1076 1326 cursus,
1109 1281 1151 1319 in
1182 1279 1327 1332 quibus

195 1332 331 1372 eadem
351 1335 407 1373 vis
427 1344 482 1374 est
501 1336 681 1384 duorum,
710 1336 898 1376 Mercurii
922 1344 959 1375 et
978 1335 1155 1381 Veneris,
1183 1341 1331 1386 septem

196 1386 366 1427 efficiunt
385 1388 581 1429 distinctos
599 1391 808 1430 intervallis
828 1403 964 1430 sonos:
987 1390 1055 1441 qui
1074 1401 1260 1428 numerus
1273 1401 1334 1427 re-

196 1453 287 1480 rum
312 1444 490 1482 omnium
519 1445 597 1483 fere
627 1445 750 1484 nodus
777 1453 844 1484 est.
885 1444 1005 1493 Quod
1030 1444 1132 1483 docti
1155 1443 1333 1482 homines

198 1496 324 1535 nervis
342 1497 483 1536 imitati
502 1507 617 1551 atque
642 1500 831 1547 cantibus,
858 1500 1041 1551 aperuere
1067 1498 1140 1537 sibi
1164 1496 1332 1536 reditum

196 1549 238 1588 in
258 1550 362 1590 hunc
380 1552 535 1596 locum:
567 1553 664 1592 sicut
682 1554 762 1599 alii,
783 1553 852 1605 qui
870 1553 1140 1605 praestantibus
1166 1551 1331 1603 ingeniis

199 1603 241 1642 in
260 1605 340 1643 vita
358 1606 531 1646 humana
549 1607 680 1646 divina
698 1608 824 1647 studia
841 1609 1053 1646 coluerunt.
1097 1607 1187 1645 Hoc
1205 1605 1334 1645 sonitu

201 1660 367 1710 oppletae
385 1674 495 1700 aures
513 1661 719 1700 hominum
738 1662 1045 1701 obsurduerunt:
1067 1673 1137 1700 nec
1156 1667 1212 1698 ωε
1230 1660 1336 1698 ullus

198 1712 370 1752 hebetior
383 1728 515 1754 sensus
529 1716 569 1753 in
585 1716 716 1755 vobis:
739 1716 851 1763 sicut,
866 1715 934 1754 ubi
949 1716 1066 1754 Nilus
1078 1715 1128 1754 ad
1145 1715 1228 1762 illa,
1247 1727 1337 1766 quae

203 1767 407 1819 Catadupa
425 1770 689 1818 nominantur,
715 1770 928 1822 praecipitat
946 1782 995 1808 ex
1013 1768 1207 1819 altissimis
1225 1781 1337 1807 mon-

200 1822 320 1868 tibus,
355 1835 399 1861 ea
431 1836 538 1874 gens,
571 1838 658 1876 quae
690 1824 805 1862 ilium
836 1825 966 1863 locum
999 1823 1147 1870 accolit,
1181 1830 1338 1874 propter

200 1876 510 1927 magnitudinem
541 1878 700 1926 sonitus,
735 1891 847 1917 sensu
880 1877 1062 1916 audiendi
1094 1884 1207 1916 caret.
1257 1877 1336 1916 Hic

200 1943 290 1968 vero
309 1938 438 1970 tantus
457 1940 513 1971 est
531 1933 648 1971 totius
666 1933 804 1971 mundi
817 1931 1083 1971 incitatissima
1096 1931 1338 1970 conversione

202 1984 362 2033 sonitus,
390 1993 434 2023 ut
461 1999 551 2024 eum
570 2000 680 2025 aures
698 1986 903 2025 hominum
923 1999 1056 2037 capere
1075 1998 1153 2024 non
1171 1985 1333 2037 possint,

201 2038 300 2076 sicut
318 2039 459 2078 intueri
478 2040 597 2078 solem
617 2041 820 2079 adversum
839 2041 1021 2092 nequitis,
1042 2041 1201 2091 ejusque
1290 2039 1313 2046 ”“

200 2092 300 2131 acies
325 2102 449 2132 vestra
475 2107 684 2146 sensusque
709 2095 886 2134 vincitur.
917 2095 1016 2133 Haec
1035 2107 1106 2144 ego
1124 2093 1334 2141 admirans,

199 2145 411 2185 referebam
434 2155 563 2186 tamen
582 2149 712 2187 oculos
730 2149 780 2187 ad
803 2158 945 2188 terram
963 2147 1187 2187 identidem.

257 2200 334 2239 VI.
350 2201 460 2240 Tum
473 2202 697 2249 Africanus,
711 2203 858 2251 Sentio,
871 2202 1014 2255 inquit,
1030 2210 1068 2240 te
1079 2201 1208 2240 sedem
1221 2201 1339 2240 etiam

197 2265 304 2301 nunc
322 2254 526 2295 hominum
548 2269 593 2296 ac
610 2256 772 2296 domum
798 2255 1074 2309 contemplari:
1105 2269 1195 2308 φιτ
1217 2254 1249 2294 si
1267 2254 1339 2293 tibi

1455 1694 1470 2053 fl=.n-..-

1442 2188 1470 2334 '2³1
1450 2122 1470 2161 n-
