<?xml version="1.0" encoding="UTF-8"?>
<!DOCTYPE html PUBLIC "-//W3C//DTD XHTML 1.0 Transitional//EN"
    "http://www.w3.org/TR/xhtml1/DTD/xhtml1-transitional.dtd">
<html xmlns="http://www.w3.org/1999/xhtml" xml:lang="en" lang="en">
 <head>
  <title>
</title>
<meta http-equiv="Content-Type" content="text/html;charset=utf-8" />
  <meta name='ocr-system' content='tesseract 3.04.00' />
  <meta name='ocr-capabilities' content='ocr_page ocr_carea ocr_par ocr_line ocrx_word'/>
</head>
<body>
  <div class='ocr_page' id='page_1' title='image "./operaern04ciceuoft_0449.png"; bbox 0 0 1470 2402; ppageno 0'>
   <div class='ocr_carea' id='block_1_1' title="bbox 457 41 1254 87">
    <p class='ocr_par' dir='ltr' id='par_1_1' title="bbox 457 41 1254 87">
     <span class='ocr_line' id='line_1_1' title="bbox 457 41 1254 87; baseline -0.001 -8"><span class='ocrx_word' id='word_1_1' title='bbox 457 41 626 80; x_wconf 76' lang='lat' dir='ltr'>TIMAE</span> <span class='ocrx_word' id='word_1_2' title='bbox 633 42 712 81; x_wconf 79' lang='lat' dir='ltr'><strong>Us.</strong></span> <span class='ocrx_word' id='word_1_3' title='bbox 734 42 840 81; x_wconf 73' lang='lat' dir='ltr'>CAP.</span> <span class='ocrx_word' id='word_1_4' title='bbox 863 42 901 87; x_wconf 88' lang='grc'><strong>7.</strong></span> <span class='ocrx_word' id='word_1_5' title='bbox 1176 42 1254 78; x_wconf 79' lang='lat'><strong>435</strong></span> 
     </span>
    </p>
   </div>
   <div class='ocr_carea' id='block_1_2' title="bbox 119 148 1268 2218">
    <p class='ocr_par' dir='ltr' id='par_1_2' title="bbox 119 148 1259 1715">
     <span class='ocr_line' id='line_1_2' title="bbox 120 148 1255 203; baseline 0.001 -17"><span class='ocrx_word' id='word_1_6' title='bbox 120 148 225 188; x_wconf 86' lang='lat' dir='ltr'><strong>tione</strong></span> <span class='ocrx_word' id='word_1_7' title='bbox 254 158 291 188; x_wconf 93' lang='lat' dir='ltr'><strong>et</strong></span> <span class='ocrx_word' id='word_1_8' title='bbox 310 149 415 189; x_wconf 89' lang='lat' dir='ltr'><strong>senio</strong></span> <span class='ocrx_word' id='word_1_9' title='bbox 445 151 571 189; x_wconf 82' lang='lat' dir='ltr'><strong>alebat</strong></span> <span class='ocrx_word' id='word_1_10' title='bbox 595 151 668 199; x_wconf 88' lang='lat' dir='ltr'><strong>sui,</strong></span> <span class='ocrx_word' id='word_1_11' title='bbox 696 164 786 190; x_wconf 90' lang='lat' dir='ltr'><strong>cum</strong></span> <span class='ocrx_word' id='word_1_12' title='bbox 811 150 894 203; x_wconf 86' lang='lat' dir='ltr'><strong>ipse</strong></span> <span class='ocrx_word' id='word_1_13' title='bbox 918 164 986 203; x_wconf 91' lang='lat' dir='ltr'><strong>per</strong></span> <span class='ocrx_word' id='word_1_14' title='bbox 1010 164 1063 197; x_wconf 88' lang='lat' dir='ltr'><strong>se,</strong></span> <span class='ocrx_word' id='word_1_15' title='bbox 1090 157 1127 189; x_wconf 91' lang='lat' dir='ltr'><strong>et</strong></span> <span class='ocrx_word' id='word_1_16' title='bbox 1153 163 1176 187; x_wconf 87' lang='lat' dir='ltr'><strong>a</strong></span> <span class='ocrx_word' id='word_1_17' title='bbox 1202 163 1255 196; x_wconf 93' lang='lat' dir='ltr'><strong>se,</strong></span> 
     </span>
     <span class='ocr_line' id='line_1_3' title="bbox 122 204 1255 255; baseline 0 -14"><span class='ocrx_word' id='word_1_18' title='bbox 122 211 160 242; x_wconf 91' lang='lat' dir='ltr'><strong>et</strong></span> <span class='ocrx_word' id='word_1_19' title='bbox 171 212 364 255; x_wconf 87' lang='lat' dir='ltr'><strong>pateretur</strong></span> <span class='ocrx_word' id='word_1_20' title='bbox 382 213 419 243; x_wconf 92' lang='lat' dir='ltr'><strong>et</strong></span> <span class='ocrx_word' id='word_1_21' title='bbox 437 205 577 244; x_wconf 85' lang='lat' dir='ltr'><strong>faceret</strong></span> <span class='ocrx_word' id='word_1_22' title='bbox 597 206 738 244; x_wconf 85' lang='lat' dir='ltr'><strong>onmia.</strong></span> <span class='ocrx_word' id='word_1_23' title='bbox 770 206 834 244; x_wconf 85' lang='lat' dir='ltr'><strong>Sic</strong></span> <span class='ocrx_word' id='word_1_24' title='bbox 854 206 958 244; x_wconf 89' lang='lat' dir='ltr'><strong>enim</strong></span> <span class='ocrx_word' id='word_1_25' title='bbox 977 214 1082 244; x_wconf 88' lang='lat' dir='ltr'><strong>ratus</strong></span> <span class='ocrx_word' id='word_1_26' title='bbox 1101 213 1157 244; x_wconf 85' lang='lat' dir='ltr'><strong>est</strong></span> <span class='ocrx_word' id='word_1_27' title='bbox 1175 204 1255 247; x_wconf 84' lang='lat' dir='ltr'><strong>ille,</strong></span> 
     </span>
     <span class='ocr_line' id='line_1_4' title="bbox 121 258 1255 312; baseline 0.001 -17"><span class='ocrx_word' id='word_1_28' title='bbox 121 258 191 309; x_wconf 92' lang='lat' dir='ltr'><strong>qui</strong></span> <span class='ocrx_word' id='word_1_29' title='bbox 209 259 282 297; x_wconf 85' lang='lat' dir='ltr'><strong>ista</strong></span> <span class='ocrx_word' id='word_1_30' title='bbox 296 259 428 309; x_wconf 83' lang='lat' dir='ltr'><strong>junxit</strong></span> <span class='ocrx_word' id='word_1_31' title='bbox 449 268 486 298; x_wconf 91' lang='lat' dir='ltr'><strong>et</strong></span> <span class='ocrx_word' id='word_1_32' title='bbox 511 260 694 306; x_wconf 73' lang='lat' dir='ltr'>condidit,</span> <span class='ocrx_word' id='word_1_33' title='bbox 716 260 846 312; x_wconf 89' lang='lat' dir='ltr'><strong>ipsum</strong></span> <span class='ocrx_word' id='word_1_34' title='bbox 873 274 912 298; x_wconf 86' lang='lat' dir='ltr'><strong>se</strong></span> <span class='ocrx_word' id='word_1_35' title='bbox 931 268 1155 298; x_wconf 90' lang='lat' dir='ltr'><strong>contentum</strong></span> <span class='ocrx_word' id='word_1_36' title='bbox 1175 272 1255 297; x_wconf 85' lang='lat' dir='ltr'><strong>esse</strong></span> 
     </span>
     <span class='ocr_line' id='line_1_5' title="bbox 119 314 1254 366; baseline 0 -16"><span class='ocrx_word' id='word_1_37' title='bbox 119 314 329 360; x_wconf 88' lang='lat' dir='ltr'><strong>mundum,</strong></span> <span class='ocrx_word' id='word_1_38' title='bbox 350 327 475 366; x_wconf 89' lang='lat' dir='ltr'><strong>neque</strong></span> <span class='ocrx_word' id='word_1_39' title='bbox 493 327 603 366; x_wconf 86' lang='lat' dir='ltr'><strong>egere</strong></span> <span class='ocrx_word' id='word_1_40' title='bbox 622 316 751 353; x_wconf 77' lang='lat' dir='ltr'><strong>altero.</strong></span> <span class='ocrx_word' id='word_1_41' title='bbox 802 315 941 366; x_wconf 85' lang='lat' dir='ltr'><strong>Itaque</strong></span> <span class='ocrx_word' id='word_1_42' title='bbox 960 328 1029 353; x_wconf 91' lang='lat' dir='ltr'><strong>nec</strong></span> <span class='ocrx_word' id='word_1_43' title='bbox 1053 315 1087 353; x_wconf 91' lang='lat' dir='ltr'><strong>ei</strong></span> <span class='ocrx_word' id='word_1_44' title='bbox 1112 326 1254 352; x_wconf 79' lang='lat' dir='ltr'><strong>manus</strong></span> 
     </span>
     <span class='ocr_line' id='line_1_6' title="bbox 122 366 1255 421; baseline 0.002 -17"><span class='ocrx_word' id='word_1_45' title='bbox 122 366 287 415; x_wconf 79' lang='lat' dir='ltr'><strong>affin&#39;xit,</strong></span> <span class='ocrx_word' id='word_1_46' title='bbox 309 368 400 420; x_wconf 87' lang='lat' dir='ltr'><strong>quia</strong></span> <span class='ocrx_word' id='word_1_47' title='bbox 418 381 488 408; x_wconf 87' lang='lat' dir='ltr'><strong>nec</strong></span> <span class='ocrx_word' id='word_1_48' title='bbox 503 369 732 420; x_wconf 84' lang='lat' dir='ltr'><strong>capiendum</strong></span> <span class='ocrx_word' id='word_1_49' title='bbox 753 369 968 421; x_wconf 85' lang='lat' dir='ltr'><strong>quidquam</strong></span> <span class='ocrx_word' id='word_1_50' title='bbox 989 378 1082 417; x_wconf 81' lang='lat' dir='ltr'><strong>erat,</strong></span> <span class='ocrx_word' id='word_1_51' title='bbox 1104 381 1173 407; x_wconf 84' lang='lat' dir='ltr'><strong>nec</strong></span> <span class='ocrx_word' id='word_1_52' title='bbox 1197 381 1255 405; x_wconf 90' lang='lat' dir='ltr'><strong>re-</strong></span> 
     </span>
     <span class='ocr_line' id='line_1_7' title="bbox 121 422 1253 475; baseline 0 -15"><span class='ocrx_word' id='word_1_53' title='bbox 121 422 345 473; x_wconf 86' lang='lat' dir='ltr'><strong>pellendum</strong></span> <span class='ocrx_word' id='word_1_54' title='bbox 362 437 374 468; x_wconf 87' lang='lat'>;</span> <span class='ocrx_word' id='word_1_55' title='bbox 405 436 473 461; x_wconf 92' lang='lat' dir='ltr'><strong>nec</strong></span> <span class='ocrx_word' id='word_1_56' title='bbox 493 424 621 475; x_wconf 84' lang='lat' dir='ltr'><strong>pedes,</strong></span> <span class='ocrx_word' id='word_1_57' title='bbox 643 436 712 462; x_wconf 90' lang='lat' dir='ltr'><strong>nec</strong></span> <span class='ocrx_word' id='word_1_58' title='bbox 732 424 807 461; x_wconf 86' lang='lat' dir='ltr'><strong>alia</strong></span> <span class='ocrx_word' id='word_1_59' title='bbox 822 425 1010 471; x_wconf 88' lang='lat' dir='ltr'><strong>membra,</strong></span> <span class='ocrx_word' id='word_1_60' title='bbox 1032 423 1174 475; x_wconf 82' lang='lat' dir='ltr'><strong>quibus</strong></span> <span class='ocrx_word' id='word_1_61' title='bbox 1193 422 1253 459; x_wconf 89' lang='lat' dir='ltr'><strong>in-</strong></span> 
     </span>
     <span class='ocr_line' id='line_1_8' title="bbox 121 477 1254 528; baseline 0.001 -14"><span class='ocrx_word' id='word_1_62' title='bbox 121 489 273 527; x_wconf 89' lang='lat' dir='ltr'><strong>gressus</strong></span> <span class='ocrx_word' id='word_1_63' title='bbox 293 490 447 528; x_wconf 91' lang='lat' dir='ltr'><strong>corpore</strong></span> <span class='ocrx_word' id='word_1_64' title='bbox 467 478 678 516; x_wconf 81' lang='lat' dir='ltr'><strong>sustineret.</strong></span> <span class='ocrx_word' id='word_1_65' title='bbox 721 477 881 516; x_wconf 86' lang='lat' dir='ltr'><strong>Motum</strong></span> <span class='ocrx_word' id='word_1_66' title='bbox 901 478 1004 516; x_wconf 86' lang='lat' dir='ltr'><strong>enim</strong></span> <span class='ocrx_word' id='word_1_67' title='bbox 1031 478 1134 516; x_wconf 85' lang='lat' dir='ltr'><strong>dedit</strong></span> <span class='ocrx_word' id='word_1_68' title='bbox 1161 477 1254 515; x_wconf 82' lang='lat' dir='ltr'><strong>coelo</strong></span> 
     </span>
     <span class='ocr_line' id='line_1_9' title="bbox 122 531 1254 584; baseline 0.001 -16"><span class='ocrx_word' id='word_1_69' title='bbox 122 543 227 579; x_wconf 89' lang='lat' dir='ltr'><strong>eum,</strong></span> <span class='ocrx_word' id='word_1_70' title='bbox 257 531 327 584; x_wconf 90' lang='lat' dir='ltr'><strong>qui</strong></span> <span class='ocrx_word' id='word_1_71' title='bbox 356 531 490 583; x_wconf 83' lang='lat' dir='ltr'><strong>figurae</strong></span> <span class='ocrx_word' id='word_1_72' title='bbox 521 532 603 581; x_wconf 89' lang='lat' dir='ltr'><strong>ejus</strong></span> <span class='ocrx_word' id='word_1_73' title='bbox 634 532 682 570; x_wconf 88' lang='lat' dir='ltr'><strong>sit</strong></span> <span class='ocrx_word' id='word_1_74' title='bbox 714 532 948 583; x_wconf 86' lang='lat' dir='ltr'><strong>aptissimus,</strong></span> <span class='ocrx_word' id='word_1_75' title='bbox 974 532 1042 583; x_wconf 88' lang='lat' dir='ltr'><strong>qui</strong></span> <span class='ocrx_word' id='word_1_76' title='bbox 1073 545 1175 570; x_wconf 88' lang='lat' dir='ltr'><strong>unus</strong></span> <span class='ocrx_word' id='word_1_77' title='bbox 1206 545 1254 569; x_wconf 78' lang='lat' dir='ltr'><strong>ex</strong></span> 
     </span>
     <span class='ocr_line' id='line_1_10' title="bbox 123 586 1255 638; baseline 0.001 -15"><span class='ocrx_word' id='word_1_78' title='bbox 123 594 269 637; x_wconf 85' lang='lat' dir='ltr'><strong>septem</strong></span> <span class='ocrx_word' id='word_1_79' title='bbox 288 586 458 625; x_wconf 90' lang='lat' dir='ltr'><strong>motibus</strong></span> <span class='ocrx_word' id='word_1_80' title='bbox 476 595 647 624; x_wconf 87' lang='lat' dir='ltr'>mentem</span> <span class='ocrx_word' id='word_1_81' title='bbox 661 594 776 638; x_wconf 86' lang='lat' dir='ltr'><strong>atque</strong></span> <span class='ocrx_word' id='word_1_82' title='bbox 790 586 1086 638; x_wconf 81' lang='lat' dir='ltr'><strong>intelligentiam</strong></span> <span class='ocrx_word' id='word_1_83' title='bbox 1103 587 1255 624; x_wconf 80' lang='lat' dir='ltr'><strong>cohibe-</strong></span> 
     </span>
     <span class='ocr_line' id='line_1_11' title="bbox 121 640 1256 692; baseline 0.001 -15"><span class='ocrx_word' id='word_1_84' title='bbox 121 648 179 678; x_wconf 76' lang='lat' dir='ltr'><strong>ret</strong></span> <span class='ocrx_word' id='word_1_85' title='bbox 204 640 388 679; x_wconf 81' lang='lat' dir='ltr'><strong>maxime.</strong></span> <span class='ocrx_word' id='word_1_86' title='bbox 431 641 570 692; x_wconf 87' lang='lat' dir='ltr'><strong>Itaque</strong></span> <span class='ocrx_word' id='word_1_87' title='bbox 593 641 673 678; x_wconf 62' lang='lat' dir='ltr'><strong>una</strong></span> <span class='ocrx_word' id='word_1_88' title='bbox 703 641 946 679; x_wconf 83' lang='lat' dir='ltr'><strong>conversione</strong></span> <span class='ocrx_word' id='word_1_89' title='bbox 976 648 1091 692; x_wconf 91' lang='lat' dir='ltr'><strong>atque</strong></span> <span class='ocrx_word' id='word_1_90' title='bbox 1123 640 1256 679; x_wconf 65' lang='lat' dir='ltr'><strong>eadem</strong></span> 
     </span>
     <span class='ocr_line' id='line_1_12' title="bbox 121 693 1255 747; baseline 0.001 -16"><span class='ocrx_word' id='word_1_91' title='bbox 121 693 203 745; x_wconf 86' lang='lat' dir='ltr'><strong>ipse</strong></span> <span class='ocrx_word' id='word_1_92' title='bbox 222 695 367 733; x_wconf 90' lang='lat' dir='ltr'><strong>circum</strong></span> <span class='ocrx_word' id='word_1_93' title='bbox 386 709 424 733; x_wconf 91' lang='lat' dir='ltr'><strong>se</strong></span> <span class='ocrx_word' id='word_1_94' title='bbox 444 703 644 747; x_wconf 87' lang='lat' dir='ltr'><strong>torquetur</strong></span> <span class='ocrx_word' id='word_1_95' title='bbox 663 702 699 733; x_wconf 90' lang='lat' dir='ltr'><strong>et</strong></span> <span class='ocrx_word' id='word_1_96' title='bbox 719 695 889 733; x_wconf 81' lang='lat' dir='ltr'><strong>vertitur.</strong></span> <span class='ocrx_word' id='word_1_97' title='bbox 920 696 997 734; x_wconf 83' lang='lat' dir='ltr'><strong>Sex</strong></span> <span class='ocrx_word' id='word_1_98' title='bbox 1017 703 1147 734; x_wconf 88' lang='lat' dir='ltr'><strong>autem</strong></span> <span class='ocrx_word' id='word_1_99' title='bbox 1167 695 1255 733; x_wconf 89' lang='lat' dir='ltr'><strong>reli-</strong></span> 
     </span>
     <span class='ocr_line' id='line_1_13' title="bbox 122 749 1258 802; baseline 0.001 -16"><span class='ocrx_word' id='word_1_100' title='bbox 122 762 219 800; x_wconf 89' lang='lat' dir='ltr'><strong>quos</strong></span> <span class='ocrx_word' id='word_1_101' title='bbox 239 758 367 788; x_wconf 90' lang='lat' dir='ltr'><strong>motus</strong></span> <span class='ocrx_word' id='word_1_102' title='bbox 393 751 442 788; x_wconf 89' lang='lat' dir='ltr'><strong>ab</strong></span> <span class='ocrx_word' id='word_1_103' title='bbox 463 763 507 788; x_wconf 92' lang='lat' dir='ltr'><strong>eo</strong></span> <span class='ocrx_word' id='word_1_104' title='bbox 536 749 750 802; x_wconf 82' lang='lat' dir='ltr'><strong>separavit:</strong></span> <span class='ocrx_word' id='word_1_105' title='bbox 781 750 931 801; x_wconf 85' lang='lat' dir='ltr'><strong>ita-que</strong></span> <span class='ocrx_word' id='word_1_106' title='bbox 957 762 1046 788; x_wconf 89' lang='lat' dir='ltr'><strong>eum</strong></span> <span class='ocrx_word' id='word_1_107' title='bbox 1076 751 1124 788; x_wconf 90' lang='lat' dir='ltr'><strong>ab</strong></span> <span class='ocrx_word' id='word_1_108' title='bbox 1150 750 1258 788; x_wconf 91' lang='lat' dir='ltr'><strong>omni</strong></span> 
     </span>
     <span class='ocr_line' id='line_1_14' title="bbox 123 804 1254 856; baseline 0.001 -15"><span class='ocrx_word' id='word_1_109' title='bbox 123 804 310 842; x_wconf 88' lang='lat' dir='ltr'><strong>erratione</strong></span> <span class='ocrx_word' id='word_1_110' title='bbox 337 804 525 842; x_wconf 81' lang='lat' dir='ltr'><strong>liberavit.</strong></span> <span class='ocrx_word' id='word_1_111' title='bbox 577 804 646 842; x_wconf 85' lang='lat' dir='ltr'><strong>Ad</strong></span> <span class='ocrx_word' id='word_1_112' title='bbox 676 804 775 842; x_wconf 89' lang='lat' dir='ltr'><strong>hanc</strong></span> <span class='ocrx_word' id='word_1_113' title='bbox 807 804 926 856; x_wconf 83' lang='lat' dir='ltr'><strong>igitur</strong></span> <span class='ocrx_word' id='word_1_114' title='bbox 955 805 1254 851; x_wconf 79' lang='lat' dir='ltr'><strong>conversionem,</strong></span> 
     </span>
     <span class='ocr_line' id='line_1_15' title="bbox 122 858 1257 910; baseline 0 -14"><span class='ocrx_word' id='word_1_115' title='bbox 122 871 210 910; x_wconf 88' lang='lat' dir='ltr'><strong>quae</strong></span> <span class='ocrx_word' id='word_1_116' title='bbox 224 858 387 910; x_wconf 81' lang='lat' dir='ltr'><strong>pedibus</strong></span> <span class='ocrx_word' id='word_1_117' title='bbox 407 866 443 897; x_wconf 89' lang='lat' dir='ltr'><strong>et</strong></span> <span class='ocrx_word' id='word_1_118' title='bbox 462 858 584 910; x_wconf 88' lang='lat' dir='ltr'><strong>gradu</strong></span> <span class='ocrx_word' id='word_1_119' title='bbox 605 871 682 896; x_wconf 91' lang='lat' dir='ltr'><strong>non</strong></span> <span class='ocrx_word' id='word_1_120' title='bbox 713 868 853 910; x_wconf 82' lang='lat' dir='ltr'><strong>egeret,</strong></span> <span class='ocrx_word' id='word_1_121' title='bbox 873 858 1114 910; x_wconf 83' lang='lat' dir='ltr'><strong>ingrediendi</strong></span> <span class='ocrx_word' id='word_1_122' title='bbox 1132 872 1257 896; x_wconf 89' lang='lat' dir='ltr'><strong>mem-</strong></span> 
     </span>
     <span class='ocr_line' id='line_1_16' title="bbox 122 912 1257 965; baseline 0.001 -15"><span class='ocrx_word' id='word_1_123' title='bbox 122 913 192 950; x_wconf 90' lang='lat' dir='ltr'><strong>bra</strong></span> <span class='ocrx_word' id='word_1_124' title='bbox 217 925 296 951; x_wconf 90' lang='lat' dir='ltr'><strong>non</strong></span> <span class='ocrx_word' id='word_1_125' title='bbox 318 913 434 951; x_wconf 86' lang='lat' dir='ltr'><strong>dedit.</strong></span> <span class='ocrx_word' id='word_1_126' title='bbox 468 913 564 951; x_wconf 85' lang='lat' dir='ltr'><strong>Haec</strong></span> <span class='ocrx_word' id='word_1_127' title='bbox 584 913 693 951; x_wconf 90' lang='lat' dir='ltr'><strong>Deus</strong></span> <span class='ocrx_word' id='word_1_128' title='bbox 711 913 758 960; x_wconf 91' lang='lat' dir='ltr'><strong>is,</strong></span> <span class='ocrx_word' id='word_1_129' title='bbox 779 913 848 965; x_wconf 90' lang='lat' dir='ltr'><strong>qui</strong></span> <span class='ocrx_word' id='word_1_130' title='bbox 866 921 959 959; x_wconf 86' lang='lat' dir='ltr'><strong>erat,</strong></span> <span class='ocrx_word' id='word_1_131' title='bbox 980 913 1028 951; x_wconf 90' lang='lat' dir='ltr'><strong>de</strong></span> <span class='ocrx_word' id='word_1_132' title='bbox 1047 912 1257 965; x_wconf 85' lang='lat' dir='ltr'><strong>aliquando</strong></span> 
     </span>
     <span class='ocr_line' id='line_1_17' title="bbox 123 966 1259 1019; baseline 0.002 -15"><span class='ocrx_word' id='word_1_133' title='bbox 123 966 210 1005; x_wconf 87' lang='lat' dir='ltr'><strong>Deo</strong></span> <span class='ocrx_word' id='word_1_134' title='bbox 238 967 371 1007; x_wconf 74' lang='lat' dir='ltr'><strong>fiituro</strong></span> <span class='ocrx_word' id='word_1_135' title='bbox 390 967 574 1019; x_wconf 82' lang='lat' dir='ltr'><strong>cogitans,</strong></span> <span class='ocrx_word' id='word_1_136' title='bbox 595 968 731 1006; x_wconf 85' lang='lat' dir='ltr'><strong>laevem</strong></span> <span class='ocrx_word' id='word_1_137' title='bbox 751 980 841 1006; x_wconf 92' lang='lat' dir='ltr'><strong>eum</strong></span> <span class='ocrx_word' id='word_1_138' title='bbox 874 967 996 1006; x_wconf 84' lang='lat' dir='ltr'><strong>effecit</strong></span> <span class='ocrx_word' id='word_1_139' title='bbox 1023 975 1060 1006; x_wconf 91' lang='lat' dir='ltr'><strong>et</strong></span> <span class='ocrx_word' id='word_1_140' title='bbox 1085 968 1259 1019; x_wconf 83' lang='lat' dir='ltr'><strong>undique</strong></span> 
     </span>
     <span class='ocr_line' id='line_1_18' title="bbox 122 1022 1256 1074; baseline 0.001 -15"><span class='ocrx_word' id='word_1_141' title='bbox 122 1022 368 1073; x_wconf 87' lang='lat' dir='ltr'><strong>aequabilem,</strong></span> <span class='ocrx_word' id='word_1_142' title='bbox 389 1031 440 1069; x_wconf 89' lang='lat' dir='ltr'><strong>et,</strong></span> <span class='ocrx_word' id='word_1_143' title='bbox 454 1036 477 1060; x_wconf 86' lang='lat' dir='ltr'><strong>a</strong></span> <span class='ocrx_word' id='word_1_144' title='bbox 494 1022 622 1060; x_wconf 86' lang='lat' dir='ltr'><strong>medio</strong></span> <span class='ocrx_word' id='word_1_145' title='bbox 642 1022 691 1060; x_wconf 88' lang='lat' dir='ltr'><strong>ad</strong></span> <span class='ocrx_word' id='word_1_146' title='bbox 711 1035 926 1070; x_wconf 90' lang='lat' dir='ltr'><strong>summum,</strong></span> <span class='ocrx_word' id='word_1_147' title='bbox 947 1035 1096 1074; x_wconf 77' lang='lat' dir='ltr'><strong>parem,</strong></span> <span class='ocrx_word' id='word_1_148' title='bbox 1113 1030 1150 1061; x_wconf 89' lang='lat' dir='ltr'><strong>et</strong></span> <span class='ocrx_word' id='word_1_149' title='bbox 1169 1036 1256 1074; x_wconf 89' lang='lat' dir='ltr'><strong>per-</strong></span> 
     </span>
     <span class='ocr_line' id='line_1_19' title="bbox 122 1076 1255 1129; baseline 0.001 -15"><span class='ocrx_word' id='word_1_150' title='bbox 122 1076 268 1114; x_wconf 88' lang='lat' dir='ltr'><strong>fectum</strong></span> <span class='ocrx_word' id='word_1_151' title='bbox 288 1085 406 1129; x_wconf 91' lang='lat' dir='ltr'><strong>atque</strong></span> <span class='ocrx_word' id='word_1_152' title='bbox 424 1077 646 1116; x_wconf 83' lang='lat' dir='ltr'><strong>absolutum</strong></span> <span class='ocrx_word' id='word_1_153' title='bbox 666 1090 714 1115; x_wconf 86' lang='lat' dir='ltr'><strong>ex</strong></span> <span class='ocrx_word' id='word_1_154' title='bbox 730 1077 912 1115; x_wconf 79' lang='lat' dir='ltr'><strong>absolutis</strong></span> <span class='ocrx_word' id='word_1_155' title='bbox 933 1084 1048 1129; x_wconf 86' lang='lat' dir='ltr'><strong>atque</strong></span> <span class='ocrx_word' id='word_1_156' title='bbox 1065 1077 1255 1128; x_wconf 87' lang='lat' dir='ltr'><strong>perfectis.</strong></span> 
     </span>
     <span class='ocr_line' id='line_1_20' title="bbox 122 1130 1257 1183; baseline 0.001 -15"><span class='ocrx_word' id='word_1_157' title='bbox 122 1130 320 1170; x_wconf 88' lang='lat' dir='ltr'><strong>Animum</strong></span> <span class='ocrx_word' id='word_1_158' title='bbox 351 1140 481 1170; x_wconf 89' lang='lat' dir='ltr'><strong>autem</strong></span> <span class='ocrx_word' id='word_1_159' title='bbox 510 1139 555 1169; x_wconf 89' lang='lat' dir='ltr'><strong>ut</strong></span> <span class='ocrx_word' id='word_1_160' title='bbox 587 1131 628 1169; x_wconf 89' lang='lat' dir='ltr'><strong>in</strong></span> <span class='ocrx_word' id='word_1_161' title='bbox 657 1144 701 1170; x_wconf 91' lang='lat' dir='ltr'><strong>eo</strong></span> <span class='ocrx_word' id='word_1_162' title='bbox 724 1131 851 1170; x_wconf 87' lang='lat' dir='ltr'><strong>medio</strong></span> <span class='ocrx_word' id='word_1_163' title='bbox 875 1132 1087 1179; x_wconf 85' lang='lat' dir='ltr'><strong>collocavit,</strong></span> <span class='ocrx_word' id='word_1_164' title='bbox 1111 1132 1165 1170; x_wconf 90' lang='lat' dir='ltr'><strong>ita</strong></span> <span class='ocrx_word' id='word_1_165' title='bbox 1188 1145 1257 1183; x_wconf 90' lang='lat' dir='ltr'><strong>per</strong></span> 
     </span>
     <span class='ocr_line' id='line_1_21' title="bbox 123 1185 1258 1238; baseline 0.001 -15"><span class='ocrx_word' id='word_1_166' title='bbox 123 1192 250 1224; x_wconf 90' lang='lat' dir='ltr'><strong>totum</strong></span> <span class='ocrx_word' id='word_1_167' title='bbox 270 1186 454 1225; x_wconf 89' lang='lat' dir='ltr'><strong>tetendit:</strong></span> <span class='ocrx_word' id='word_1_168' title='bbox 486 1185 623 1224; x_wconf 89' lang='lat' dir='ltr'><strong>deinde</strong></span> <span class='ocrx_word' id='word_1_169' title='bbox 643 1199 734 1224; x_wconf 91' lang='lat' dir='ltr'><strong>eum</strong></span> <span class='ocrx_word' id='word_1_170' title='bbox 754 1186 1004 1224; x_wconf 87' lang='lat' dir='ltr'><strong>circumdedit</strong></span> <span class='ocrx_word' id='word_1_171' title='bbox 1028 1199 1197 1238; x_wconf 86' lang='lat' dir='ltr'><strong>corpore,</strong></span> <span class='ocrx_word' id='word_1_172' title='bbox 1220 1194 1258 1224; x_wconf 90' lang='lat' dir='ltr'><strong>et</strong></span> 
     </span>
     <span class='ocr_line' id='line_1_22' title="bbox 123 1240 1257 1292; baseline 0.002 -15"><span class='ocrx_word' id='word_1_173' title='bbox 123 1240 275 1279; x_wconf 85' lang='lat' dir='ltr'><strong>vestivit</strong></span> <span class='ocrx_word' id='word_1_174' title='bbox 294 1241 527 1280; x_wconf 83' lang='lat' dir='ltr'><strong>extrinsecus</strong></span> <span class='ocrx_word' id='word_1_175' title='bbox 544 1256 554 1279; x_wconf 72' lang='grc' dir='ltr'><strong><em>ε</em></strong></span> <span class='ocrx_word' id='word_1_176' title='bbox 586 1241 757 1292; x_wconf 89' lang='lat' dir='ltr'><strong>coeloque</strong></span> <span class='ocrx_word' id='word_1_177' title='bbox 777 1241 946 1292; x_wconf 79' lang='lat' dir='ltr'><strong>solivago</strong></span> <span class='ocrx_word' id='word_1_178' title='bbox 965 1249 1002 1279; x_wconf 92' lang='lat' dir='ltr'><strong>et</strong></span> <span class='ocrx_word' id='word_1_179' title='bbox 1021 1241 1197 1287; x_wconf 85' lang='lat' dir='ltr'><strong>volubili,</strong></span> <span class='ocrx_word' id='word_1_180' title='bbox 1219 1250 1257 1279; x_wconf 89' lang='lat' dir='ltr'><strong>et</strong></span> 
     </span>
     <span class='ocr_line' id='line_1_23' title="bbox 123 1293 1254 1347; baseline 0 -14"><span class='ocrx_word' id='word_1_181' title='bbox 123 1293 165 1332; x_wconf 85' lang='lat' dir='ltr'><strong>in</strong></span> <span class='ocrx_word' id='word_1_182' title='bbox 184 1297 316 1334; x_wconf 91' lang='lat' dir='ltr'><strong>orbem</strong></span> <span class='ocrx_word' id='word_1_183' title='bbox 335 1296 506 1342; x_wconf 81' lang='lat' dir='ltr'><strong>incitato,</strong></span> <span class='ocrx_word' id='word_1_184' title='bbox 527 1295 752 1347; x_wconf 83' lang='lat' dir='ltr'><strong>complexus</strong></span> <span class='ocrx_word' id='word_1_185' title='bbox 771 1304 840 1343; x_wconf 87' lang='lat' dir='ltr'><strong>est,</strong></span> <span class='ocrx_word' id='word_1_186' title='bbox 871 1295 977 1347; x_wconf 93' lang='lat' dir='ltr'><strong>quod</strong></span> <span class='ocrx_word' id='word_1_187' title='bbox 1002 1309 1131 1334; x_wconf 88' lang='lat' dir='ltr'><strong>secum</strong></span> <span class='ocrx_word' id='word_1_188' title='bbox 1157 1296 1254 1347; x_wconf 90' lang='lat' dir='ltr'><strong>ipse,</strong></span> 
     </span>
     <span class='ocr_line' id='line_1_24' title="bbox 123 1350 1257 1401; baseline 0 -14"><span class='ocrx_word' id='word_1_189' title='bbox 123 1358 280 1401; x_wconf 83' lang='lat' dir='ltr'><strong>propter</strong></span> <span class='ocrx_word' id='word_1_190' title='bbox 302 1351 499 1396; x_wconf 76' lang='lat' dir='ltr'><strong>virtutem,</strong></span> <span class='ocrx_word' id='word_1_191' title='bbox 529 1350 640 1389; x_wconf 78' lang='lat' dir='ltr'><strong>facile</strong></span> <span class='ocrx_word' id='word_1_192' title='bbox 664 1363 743 1389; x_wconf 86' lang='lat' dir='ltr'><strong>esse</strong></span> <span class='ocrx_word' id='word_1_193' title='bbox 770 1358 910 1401; x_wconf 88' lang='lat' dir='ltr'><strong>posset,</strong></span> <span class='ocrx_word' id='word_1_194' title='bbox 931 1362 1001 1388; x_wconf 89' lang='lat' dir='ltr'><strong>nec</strong></span> <span class='ocrx_word' id='word_1_195' title='bbox 1028 1350 1257 1388; x_wconf 82' lang='lat' dir='ltr'><strong>desideraret</strong></span> 
     </span>
     <span class='ocr_line' id='line_1_25' title="bbox 124 1403 1256 1456; baseline 0 -15"><span class='ocrx_word' id='word_1_196' title='bbox 124 1403 304 1453; x_wconf 78' lang='lat' dir='ltr'><strong>alterum,</strong></span> <span class='ocrx_word' id='word_1_197' title='bbox 327 1405 416 1443; x_wconf 86' lang='lat' dir='ltr'><strong>satis</strong></span> <span class='ocrx_word' id='word_1_198' title='bbox 436 1405 507 1442; x_wconf 87' lang='lat' dir='ltr'><strong>sibi</strong></span> <span class='ocrx_word' id='word_1_199' title='bbox 526 1404 607 1456; x_wconf 88' lang='lat' dir='ltr'><strong>ipse</strong></span> <span class='ocrx_word' id='word_1_200' title='bbox 626 1412 740 1442; x_wconf 87' lang='lat' dir='ltr'><strong>notus</strong></span> <span class='ocrx_word' id='word_1_201' title='bbox 759 1413 796 1446; x_wconf 87' lang='lat' dir='ltr'><strong>et</strong></span> <span class='ocrx_word' id='word_1_202' title='bbox 814 1404 1026 1443; x_wconf 75' lang='lat' dir='ltr'><strong>familiaris.</strong></span> <span class='ocrx_word' id='word_1_203' title='bbox 1058 1404 1121 1442; x_wconf 75' lang='lat' dir='ltr'><strong>Sic</strong></span> <span class='ocrx_word' id='word_1_204' title='bbox 1145 1404 1256 1442; x_wconf 86' lang='lat' dir='ltr'><strong>Deus</strong></span> 
     </span>
     <span class='ocr_line' id='line_1_26' title="bbox 124 1458 1254 1510; baseline 0.001 -15"><span class='ocrx_word' id='word_1_205' title='bbox 124 1458 190 1496; x_wconf 83' lang='lat' dir='ltr'><strong>ille</strong></span> <span class='ocrx_word' id='word_1_206' title='bbox 204 1467 368 1497; x_wconf 66' lang='lat' dir='ltr'><strong>{eternus</strong></span> <span class='ocrx_word' id='word_1_207' title='bbox 386 1459 490 1497; x_wconf 86' lang='lat' dir='ltr'><strong>hunc</strong></span> <span class='ocrx_word' id='word_1_208' title='bbox 509 1459 674 1510; x_wconf 77' lang='lat' dir='ltr'><strong>perfecte</strong></span> <span class='ocrx_word' id='word_1_209' title='bbox 691 1461 849 1497; x_wconf 75' lang='lat' dir='ltr'><strong>beatum</strong></span> <span class='ocrx_word' id='word_1_210' title='bbox 879 1458 1011 1496; x_wconf 88' lang='lat' dir='ltr'><strong>Deum</strong></span> <span class='ocrx_word' id='word_1_211' title='bbox 1031 1459 1254 1509; x_wconf 79' lang='lat' dir='ltr'><strong>procreavit.</strong></span> 
     </span>
     <span class='ocr_line' id='line_1_27' title="bbox 124 1512 1257 1559; baseline 0 -8"><span class='ocrx_word' id='word_1_212' title='bbox 124 1512 200 1551; x_wconf 67' lang='lat' dir='ltr'><strong>Sed</strong></span> <span class='ocrx_word' id='word_1_213' title='bbox 220 1513 398 1551; x_wconf 82' lang='lat' dir='ltr'><strong>animum</strong></span> <span class='ocrx_word' id='word_1_214' title='bbox 415 1513 522 1551; x_wconf 86' lang='lat' dir='ltr'><strong>haud</strong></span> <span class='ocrx_word' id='word_1_215' title='bbox 549 1513 617 1557; x_wconf 89' lang='lat' dir='ltr'><strong>ita,</strong></span> <span class='ocrx_word' id='word_1_216' title='bbox 644 1520 690 1550; x_wconf 91' lang='lat' dir='ltr'><strong>ut</strong></span> <span class='ocrx_word' id='word_1_217' title='bbox 714 1513 830 1551; x_wconf 80' lang='lat' dir='ltr'><strong>modo</strong></span> <span class='ocrx_word' id='word_1_218' title='bbox 855 1513 975 1551; x_wconf 87' lang='lat' dir='ltr'><strong>locuti</strong></span> <span class='ocrx_word' id='word_1_219' title='bbox 1001 1526 1149 1559; x_wconf 87' lang='lat' dir='ltr'><strong>sumus,</strong></span> <span class='ocrx_word' id='word_1_220' title='bbox 1170 1520 1257 1551; x_wconf 84' lang='lat' dir='ltr'><strong>tum</strong></span> 
     </span>
     <span class='ocr_line' id='line_1_28' title="bbox 124 1566 1258 1620; baseline 0.001 -16"><span class='ocrx_word' id='word_1_221' title='bbox 124 1566 304 1620; x_wconf 86' lang='lat' dir='ltr'><strong>denique,</strong></span> <span class='ocrx_word' id='word_1_222' title='bbox 333 1581 423 1606; x_wconf 85' lang='lat' dir='ltr'><strong>cum</strong></span> <span class='ocrx_word' id='word_1_223' title='bbox 451 1581 588 1619; x_wconf 85' lang='lat' dir='ltr'><strong>corpus</strong></span> <span class='ocrx_word' id='word_1_224' title='bbox 608 1566 643 1605; x_wconf 92' lang='lat' dir='ltr'><strong>ei</strong></span> <span class='ocrx_word' id='word_1_225' title='bbox 662 1567 860 1615; x_wconf 79' lang='lat' dir='ltr'><strong>effecisset,</strong></span> <span class='ocrx_word' id='word_1_226' title='bbox 880 1567 1100 1605; x_wconf 77' lang='lat' dir='ltr'><strong>inchoavit:</strong></span> <span class='ocrx_word' id='word_1_227' title='bbox 1132 1580 1258 1618; x_wconf 87' lang='lat' dir='ltr'><strong>neque</strong></span> 
     </span>
     <span class='ocr_line' id='line_1_29' title="bbox 122 1621 1257 1673; baseline 0 -13"><span class='ocrx_word' id='word_1_228' title='bbox 122 1623 227 1660; x_wconf 87' lang='lat' dir='ltr'><strong>enim</strong></span> <span class='ocrx_word' id='word_1_229' title='bbox 247 1630 343 1660; x_wconf 86' lang='lat' dir='ltr'><strong>esset</strong></span> <span class='ocrx_word' id='word_1_230' title='bbox 362 1630 525 1668; x_wconf 87' lang='lat' dir='ltr'><strong>rectum,</strong></span> <span class='ocrx_word' id='word_1_231' title='bbox 547 1621 689 1659; x_wconf 87' lang='lat' dir='ltr'><strong>minori</strong></span> <span class='ocrx_word' id='word_1_232' title='bbox 706 1635 839 1673; x_wconf 86' lang='lat' dir='ltr'><strong>parere</strong></span> <span class='ocrx_word' id='word_1_233' title='bbox 858 1622 1059 1670; x_wconf 85' lang='lat' dir='ltr'><strong>majorem.</strong></span> <span class='ocrx_word' id='word_1_234' title='bbox 1091 1622 1168 1660; x_wconf 87' lang='lat' dir='ltr'><strong>Sed</strong></span> <span class='ocrx_word' id='word_1_235' title='bbox 1186 1634 1257 1660; x_wconf 90' lang='lat' dir='ltr'><strong>nos</strong></span> 
     </span>
     <span class='ocr_line' id='line_1_30' title="bbox 124 1676 964 1715; baseline -0.001 -1"><span class='ocrx_word' id='word_1_236' title='bbox 124 1677 252 1715; x_wconf 81' lang='lat' dir='ltr'><strong>multa</strong></span> <span class='ocrx_word' id='word_1_237' title='bbox 270 1676 546 1715; x_wconf 77' lang='lat' dir='ltr'><strong>inconsiderate</strong></span> <span class='ocrx_word' id='word_1_238' title='bbox 565 1689 607 1714; x_wconf 86' lang='lat' dir='ltr'><strong>ac</strong></span> <span class='ocrx_word' id='word_1_239' title='bbox 628 1684 770 1714; x_wconf 85' lang='lat' dir='ltr'><strong>temere</strong></span> <span class='ocrx_word' id='word_1_240' title='bbox 788 1676 964 1714; x_wconf 88' lang='lat' dir='ltr'><strong>dicimus.</strong></span> 
     </span>
    </p>

    <p class='ocr_par' dir='ltr' id='par_1_3' title="bbox 123 1730 1268 2218">
     <span class='ocr_line' id='line_1_31' title="bbox 178 1730 1257 1782; baseline 0 -13"><span class='ocrx_word' id='word_1_241' title='bbox 178 1732 280 1770; x_wconf 87' lang='lat' dir='ltr'><strong>VII.</strong></span> <span class='ocrx_word' id='word_1_242' title='bbox 313 1731 422 1769; x_wconf 80' lang='lat' dir='ltr'><strong>Deus</strong></span> <span class='ocrx_word' id='word_1_243' title='bbox 447 1739 577 1769; x_wconf 87' lang='lat' dir='ltr'><strong>autem</strong></span> <span class='ocrx_word' id='word_1_244' title='bbox 602 1739 639 1769; x_wconf 92' lang='lat' dir='ltr'><strong>et</strong></span> <span class='ocrx_word' id='word_1_245' title='bbox 665 1739 751 1769; x_wconf 83' lang='lat' dir='ltr'><strong>ortu</strong></span> <span class='ocrx_word' id='word_1_246' title='bbox 780 1738 817 1769; x_wconf 89' lang='lat' dir='ltr'><strong>et</strong></span> <span class='ocrx_word' id='word_1_247' title='bbox 841 1731 982 1768; x_wconf 74' lang='lat' dir='ltr'><strong>virtute</strong></span> <span class='ocrx_word' id='word_1_248' title='bbox 1000 1730 1257 1782; x_wconf 81' lang='lat' dir='ltr'><strong>antiquiorem</strong></span> 
     </span>
     <span class='ocr_line' id='line_1_32' title="bbox 124 1785 1258 1837; baseline -0.002 -13"><span class='ocrx_word' id='word_1_249' title='bbox 124 1786 260 1837; x_wconf 89' lang='lat' dir='ltr'><strong>genuit</strong></span> <span class='ocrx_word' id='word_1_250' title='bbox 278 1785 454 1824; x_wconf 88' lang='lat' dir='ltr'><strong>animum</strong></span> <span class='ocrx_word' id='word_1_251' title='bbox 472 1799 483 1830; x_wconf 88' lang='lat'>;</span> <span class='ocrx_word' id='word_1_252' title='bbox 515 1799 697 1836; x_wconf 86' lang='lat' dir='ltr'><strong>eumque,</strong></span> <span class='ocrx_word' id='word_1_253' title='bbox 717 1793 762 1823; x_wconf 91' lang='lat' dir='ltr'><strong>ut</strong></span> <span class='ocrx_word' id='word_1_254' title='bbox 780 1785 985 1823; x_wconf 89' lang='lat' dir='ltr'><strong>dominum</strong></span> <span class='ocrx_word' id='word_1_255' title='bbox 1003 1793 1119 1836; x_wconf 89' lang='lat' dir='ltr'><strong>atque</strong></span> <span class='ocrx_word' id='word_1_256' title='bbox 1133 1785 1258 1836; x_wconf 85' lang='lat' dir='ltr'><strong>impe-</strong></span> 
     </span>
     <span class='ocr_line' id='line_1_33' title="bbox 123 1839 1259 1891; baseline -0.001 -13"><span class='ocrx_word' id='word_1_257' title='bbox 123 1848 290 1887; x_wconf 88' lang='lat' dir='ltr'><strong>rantem,</strong></span> <span class='ocrx_word' id='word_1_258' title='bbox 325 1840 518 1878; x_wconf 86' lang='lat' dir='ltr'><strong>obedienti</strong></span> <span class='ocrx_word' id='word_1_259' title='bbox 550 1839 719 1891; x_wconf 81' lang='lat' dir='ltr'><strong>praefecit</strong></span> <span class='ocrx_word' id='word_1_260' title='bbox 751 1839 922 1891; x_wconf 76' lang='lat' dir='ltr'><strong>corpori:</strong></span> <span class='ocrx_word' id='word_1_261' title='bbox 953 1839 1070 1891; x_wconf 89' lang='lat' dir='ltr'><strong>idque</strong></span> <span class='ocrx_word' id='word_1_262' title='bbox 1099 1840 1259 1878; x_wconf 83' lang='lat' dir='ltr'><strong>molitus</strong></span> 
     </span>
     <span class='ocr_line' id='line_1_34' title="bbox 124 1892 1259 1947; baseline -0.001 -14"><span class='ocrx_word' id='word_1_263' title='bbox 124 1895 193 1933; x_wconf 78' lang='lat' dir='ltr'><strong>tali</strong></span> <span class='ocrx_word' id='word_1_264' title='bbox 212 1894 383 1947; x_wconf 88' lang='lat' dir='ltr'><strong>quodam</strong></span> <span class='ocrx_word' id='word_1_265' title='bbox 402 1902 457 1933; x_wconf 85' lang='lat' dir='ltr'><strong>est</strong></span> <span class='ocrx_word' id='word_1_266' title='bbox 483 1894 609 1932; x_wconf 88' lang='lat' dir='ltr'><strong>modo.</strong></span> <span class='ocrx_word' id='word_1_267' title='bbox 664 1894 731 1932; x_wconf 80' lang='lat' dir='ltr'><strong>Ex</strong></span> <span class='ocrx_word' id='word_1_268' title='bbox 756 1892 930 1941; x_wconf 71' lang='lat' dir='ltr'><strong>materia,</strong></span> <span class='ocrx_word' id='word_1_269' title='bbox 952 1907 1040 1946; x_wconf 89' lang='lat' dir='ltr'><strong>quae</strong></span> <span class='ocrx_word' id='word_1_270' title='bbox 1058 1893 1259 1932; x_wconf 77' lang='lat' dir='ltr'><strong>individua</strong></span> 
     </span>
     <span class='ocr_line' id='line_1_35' title="bbox 125 1947 1260 2001; baseline -0.001 -14"><span class='ocrx_word' id='word_1_271' title='bbox 125 1957 196 1997; x_wconf 91' lang='lat' dir='ltr'><strong>est,</strong></span> <span class='ocrx_word' id='word_1_272' title='bbox 218 1957 256 1988; x_wconf 91' lang='lat' dir='ltr'><strong>et</strong></span> <span class='ocrx_word' id='word_1_273' title='bbox 275 1963 362 2001; x_wconf 83' lang='lat' dir='ltr'><strong>quae</strong></span> <span class='ocrx_word' id='word_1_274' title='bbox 382 1962 531 2000; x_wconf 86' lang='lat' dir='ltr'><strong>semper</strong></span> <span class='ocrx_word' id='word_1_275' title='bbox 545 1949 661 1987; x_wconf 83' lang='lat' dir='ltr'><strong>unius</strong></span> <span class='ocrx_word' id='word_1_276' title='bbox 683 1948 804 1995; x_wconf 88' lang='lat' dir='ltr'><strong>modi,</strong></span> <span class='ocrx_word' id='word_1_277' title='bbox 825 1948 963 2000; x_wconf 88' lang='lat' dir='ltr'><strong>suique</strong></span> <span class='ocrx_word' id='word_1_278' title='bbox 985 1947 1134 1996; x_wconf 81' lang='lat' dir='ltr'><strong>similis,</strong></span> <span class='ocrx_word' id='word_1_279' title='bbox 1156 1956 1193 1986; x_wconf 87' lang='lat' dir='ltr'><strong>et</strong></span> <span class='ocrx_word' id='word_1_280' title='bbox 1212 1961 1260 1986; x_wconf 81' lang='lat' dir='ltr'><strong>ex</strong></span> 
     </span>
     <span class='ocr_line' id='line_1_36' title="bbox 125 2002 1261 2055; baseline 0 -14"><span class='ocrx_word' id='word_1_281' title='bbox 125 2016 185 2051; x_wconf 88' lang='lat' dir='ltr'><strong>ea,</strong></span> <span class='ocrx_word' id='word_1_282' title='bbox 216 2017 258 2055; x_wconf 89' lang='lat' dir='ltr'><strong>q</strong></span> <span class='ocrx_word' id='word_1_283' title='bbox 246 2017 304 2041; x_wconf 84' lang='lat' dir='ltr'><strong>1ae</strong></span> <span class='ocrx_word' id='word_1_284' title='bbox 323 2004 543 2055; x_wconf 83' lang='lat' dir='ltr'><strong>corporibus</strong></span> <span class='ocrx_word' id='word_1_285' title='bbox 562 2003 720 2041; x_wconf 86' lang='lat' dir='ltr'><strong>dividua</strong></span> <span class='ocrx_word' id='word_1_286' title='bbox 737 2002 925 2053; x_wconf 76' lang='lat' dir='ltr'><strong>gignitur,</strong></span> <span class='ocrx_word' id='word_1_287' title='bbox 953 2003 1110 2042; x_wconf 88' lang='lat' dir='ltr'><strong>tertium</strong></span> <span class='ocrx_word' id='word_1_288' title='bbox 1137 2011 1261 2041; x_wconf 86' lang='lat' dir='ltr'><strong>mate-</strong></span> 
     </span>
     <span class='ocr_line' id='line_1_37' title="bbox 125 2057 1262 2109; baseline 0 -14"><span class='ocrx_word' id='word_1_289' title='bbox 125 2058 193 2095; x_wconf 86' lang='lat' dir='ltr'><strong>riae</strong></span> <span class='ocrx_word' id='word_1_290' title='bbox 217 2071 340 2109; x_wconf 84' lang='lat' dir='ltr'><strong>genus</strong></span> <span class='ocrx_word' id='word_1_291' title='bbox 369 2071 418 2097; x_wconf 82' lang='lat' dir='ltr'><strong>ex</strong></span> <span class='ocrx_word' id='word_1_292' title='bbox 450 2058 602 2096; x_wconf 87' lang='lat' dir='ltr'><strong>duobus</strong></span> <span class='ocrx_word' id='word_1_293' title='bbox 627 2058 668 2095; x_wconf 89' lang='lat' dir='ltr'><strong>in</strong></span> <span class='ocrx_word' id='word_1_294' title='bbox 698 2057 873 2095; x_wconf 89' lang='lat' dir='ltr'><strong>medium</strong></span> <span class='ocrx_word' id='word_1_295' title='bbox 905 2057 1123 2105; x_wconf 84' lang='lat' dir='ltr'><strong>admiscuit,</strong></span> <span class='ocrx_word' id='word_1_296' title='bbox 1155 2057 1262 2109; x_wconf 87' lang='lat' dir='ltr'><strong>quod</strong></span> 
     </span>
     <span class='ocr_line' id='line_1_38' title="bbox 124 2111 1264 2163; baseline -0.001 -13"><span class='ocrx_word' id='word_1_297' title='bbox 124 2120 220 2150; x_wconf 87' lang='lat' dir='ltr'><strong>esset</strong></span> <span class='ocrx_word' id='word_1_298' title='bbox 245 2112 418 2162; x_wconf 85' lang='lat' dir='ltr'><strong>ejusdem</strong></span> <span class='ocrx_word' id='word_1_299' title='bbox 441 2120 604 2160; x_wconf 85' lang='lat' dir='ltr'><strong>naturae,</strong></span> <span class='ocrx_word' id='word_1_300' title='bbox 636 2119 673 2150; x_wconf 88' lang='lat' dir='ltr'><strong>et</strong></span> <span class='ocrx_word' id='word_1_301' title='bbox 706 2111 811 2163; x_wconf 89' lang='lat' dir='ltr'><strong>quod</strong></span> <span class='ocrx_word' id='word_1_302' title='bbox 841 2112 1021 2150; x_wconf 86' lang='lat' dir='ltr'><strong>alterius:</strong></span> <span class='ocrx_word' id='word_1_303' title='bbox 1052 2111 1170 2162; x_wconf 88' lang='lat' dir='ltr'><strong>idque</strong></span> <span class='ocrx_word' id='word_1_304' title='bbox 1202 2112 1264 2149; x_wconf 92' lang='lat' dir='ltr'><strong>in-</strong></span> 
     </span>
     <span class='ocr_line' id='line_1_39' title="bbox 124 2164 1268 2218; baseline 0 -14"><span class='ocrx_word' id='word_1_305' title='bbox 124 2167 271 2216; x_wconf 86' lang='lat' dir='ltr'><strong>terjecit</strong></span> <span class='ocrx_word' id='word_1_306' title='bbox 296 2167 396 2206; x_wconf 89' lang='lat' dir='ltr'><strong>inter</strong></span> <span class='ocrx_word' id='word_1_307' title='bbox 423 2166 686 2214; x_wconf 75' lang='lat' dir='ltr'><strong>indivlduum,</strong></span> <span class='ocrx_word' id='word_1_308' title='bbox 709 2173 826 2218; x_wconf 86' lang='lat' dir='ltr'><strong>atque</strong></span> <span class='ocrx_word' id='word_1_309' title='bbox 853 2166 894 2205; x_wconf 85' lang='lat' dir='ltr'><strong>id</strong></span> <span class='ocrx_word' id='word_1_310' title='bbox 923 2166 1028 2218; x_wconf 85' lang='lat' dir='ltr'><strong>quod</strong></span> <span class='ocrx_word' id='word_1_311' title='bbox 1065 2164 1268 2206; x_wconf 83' lang='lat' dir='ltr'><strong>dividuum</strong></span> 
     </span>
    </p>
   </div>
  </div>
 </body>
</html>
