1470 2402
242 55 320 95 DE
340 52 759 101 DIVINATIONE,
781 54 880 93 Lm.
897 56 931 94 Ι.
953 54 1059 94 ΟΑΡ.
1074 55 1138 100 47.
1194 58 1244 95 41

125 164 166 202 111
184 163 279 203 sella
296 161 454 210 sederet,
474 174 601 214 neque
617 161 685 200 diu
704 162 785 201 ulla
807 175 882 201 vox
901 162 1116 212 exstitisset,
1135 165 1246 216 puel.

123 219 203 256 lam
222 217 468 268 defatigatam
486 216 637 268 petiisse
662 230 685 254 a
709 217 925 265 matertera,
945 224 990 255 ut
1015 217 1088 256 sibi
1112 231 1243 258 conce-

121 271 228 311 deret
251 272 458 324 paulisper,
485 279 530 309 ut
553 271 594 308 in
619 271 701 320 ejus
720 271 813 309 sella
830 271 1102 323 requiesceret:
1132 272 1242 312 illam

119 334 252 365 autem
266 325 420 374 dixisse,
440 328 468 347 ‘⁴
482 325 600 373 Vero,
616 337 703 363 mea
716 325 858 377 puella,
875 326 944 364 tibi
959 325 1122 365 concedo
1136 338 1241 366 meas

121 380 268 419 sedes.''
309 379 427 428 Quod
453 391 567 418 omen
594 392 654 418 res
682 388 880 418 consecuta
910 388 988 418 est:
1023 381 1106 431 ipsa
1136 380 1240 419 6111111

119 436 226 473 brevi
252 443 405 473 mortua
431 442 509 471 est:
541 433 646 484 virgo
671 442 800 472 autem
826 434 969 485 nupsit,
997 434 1058 472 cui
1085 434 1239 474 Caecilia

118 497 239 540 nupta
258 489 393 527 fuerat„
424 488 522 526 Haec
539 501 648 539 posse
667 488 874 536 contemni,
896 489 955 526 vel
973 489 1088 526 etiam
1107 489 1235 538 rideri,

114 544 293 593 praeclare
311 542 504 593 intelligo:
530 541 594 580 sed
614 542 782 593 idipsum
802 551 856 581 est
875 542 979 581 Deos
994 555 1070 580 non
1084 550 1234 594 putare,

114 609 203 648 quae
217 599 269 635 ab
287 597 333 635 iis
352 596 626 648 significantur,
648 605 898 635 contemnere.

166 650 348 689 XLVII.
379 650 487 699 Quid
506 650 552 689 de
571 651 780 701 auguribus
798 651 962 702 loquar?
991 650 1090 689 Tuae
1108 658 1235 702 partes

111 712 225 744 sunt:
256 712 384 751 tuum,
410 705 586 756 inquam,
611 705 867 756 auspiciorum
891 705 1147 756 patrocinium
1167 705 1233 744 de-

110 760 176 798 bet
193 772 282 798 esse.
316 759 411 798 Tibi
436 759 482 797 P.
505 758 690 798 Claudius
712 773 836 810 augur
859 759 1005 798 consuli
1023 759 1231 809 nuntiavit,

109 813 334 852 addubitato
353 813 495 852 Salutis
508 814 684 864 augurio,
700 814 847 852 bellum
861 813 1112 852 domesticum
1126 813 1233 853 triste

109 880 154 906 ac
184 868 449 906 turbulentum
476 867 583 906 fore:
619 867 737 919 quod,
766 868 897 919 paucis
923 875 1009 918 post
1035 867 1231 907 mensibus

107 930 301 969 exortum,
334 921 576 973 paucioribus
613 935 637 959 a
669 928 706 960 te
739 929 794 960 est
826 921 960 960 diebus
993 934 1229 973 oppressum.

109 975 187 1013 Cui
202 975 360 1027 quidem
375 976 512 1026 auguri
527 975 769 1014 vehementer
783 975 983 1014 assentior:
1010 976 1111 1014 solus
1127 975 1230 1015 enim

107 1029 322 1068 multorum
341 1042 531 1067 annorum
549 1030 750 1076 memoria,
770 1042 848 1068 non
867 1029 1093 1068 decantandi
1107 1043 1231 1080 augu-

106 1083 167 1132 rii,
188 1084 254 1122 sed
273 1083 484 1132 divinandi,
511 1083 634 1122 tenuit
659 1083 925 1135 disciplinam:
957 1096 1073 1135 quem
1096 1083 1228 1122 irride-

106 1139 201 1176 bant
219 1138 372 1189 collegae
390 1137 462 1186 tui,
484 1150 650 1189 eumque
674 1145 760 1176 tum
787 1138 974 1184 Pisidam,
1004 1146 1088 1176 tum
1115 1138 1228 1176 Sora-

105 1203 203 1230 num
222 1205 408 1243 augurem
424 1205 502 1230 esse
517 1191 703 1230 dicebant.
735 1192 890 1240 Quibus
905 1192 1013 1230 nulla
1028 1192 1228 1231 videbatur

105 1245 146 1284 in
165 1246 334 1297 auguriis
353 1253 420 1284 aut
440 1245 615 1297 auspiciis
640 1246 842 1297 praesensio
865 1254 932 1284 aut
957 1246 1111 1284 scientia
1130 1246 1228 1284 veri-

105 1300 193 1338 tatis
211 1300 366 1349 futurae,
388 1301 588 1352 sapienter,
609 1300 774 1346 aiebant,
795 1300 844 1338 ad
863 1300 1081 1351 opinionem
1104 1300 1228 1351 impe-

103 1355 266 1393 ritorum
285 1368 363 1393 esse
381 1354 486 1393 fictas
505 1355 717 1405 religiones.
752 1354 869 1402 Quod
887 1355 1001 1406 longe
1020 1368 1125 1392 secus
1145 1362 1226 1402 est3

102 1420 228 1461 neque
247 1409 351 1447 enim
369 1409 410 1446 in
428 1408 642 1460 pastoribus
660 1408 750 1456 illis,
767 1408 906 1460 quibus
922 1409 1115 1447 Romulus
1129 1422 1228 1460 prae-

102 1463 192 1511 fuit,
213 1475 282 1502 nec
299 1463 340 1501 in
358 1462 441 1515 ipso
461 1463 646 1509 Romulo,
666 1463 748 1501 haec
774 1462 958 1501 calliditas
985 1476 1062 1501 esse
1084 1463 1224 1514 potuit,

102 1524 160 1564 ut,
182 1517 231 1555 ad
249 1530 410 1556 errorem
432 1516 705 1565 multitudinis,
726 1516 918 1567 religionis
937 1517 1139 1555 simulacra
1153 1516 1226 1555 fin-

100 1579 261 1621 gerent.
301 1571 367 1610 sed
398 1571 600 1609 difficultas
633 1570 817 1622 laborque
848 1570 1017 1609 discendi
1044 1571 1224 1609 disertam

101 1625 375 1686 negligentiam
393 1625 582 1663 reddidit:
612 1625 765 1663 malunt
790 1624 893 1662 enim
912 1625 1104 1671 disserere,
1124 1624 1224 1663 nihil

100 1691 180 1717 esse
198 1679 240 1716 in
265 1679 455 1730 auspiciis,
476 1691 609 1730 quam,
630 1678 726 1730 quid
745 1679 806 1725 sit,
827 1679 999 1717 ediscere.
1041 1678 1150 1726 Quid
1169 1685 1225 1717 est

100 1732 168 1771 illo
188 1733 355 1784 auspicio
374 1733 553 1781 divinius,
570 1733 675 1784 quod
689 1733 794 1785 apud
808 1740 845 1771 te
862 1733 904 1771 in
922 1732 1053 1772 Mario
1073 1735 1156 1773 est?
1180 1741 1225 1771 ut

99 1793 188 1826 utar
205 1787 449 1840 potissimum
467 1794 506 1825 te
523 1794 687 1826 auctore.

155 1896 184 1919 “
199 1895 280 1934 Hic
297 1895 327 1934 J
329 1894 409 1934 ovis
428 1894 579 1934 altisoni
598 1893 724 1934 subito
741 1894 901 1947 pinnata
920 1895 1083 1946 satelles,

153 1950 317 1989 Arboris
335 1963 356 1988 e
375 1957 524 1997 trunco,
545 1949 727 2001 serpentis
745 1949 872 1988 saucia
888 1962 1034 1999 morsu,

155 2004 337 2055 Subigit
327 2017 409 2055 ipsa
427 2003 515 2042 feris
534 2003 759 2069 transfigens
777 2004 973 2054 unguibus
992 2015 1160 2055 anguem

154 2058 450 2106 Semianimum,
468 2065 506 2096 et
524 2057 629 2096 varia
647 2057 813 2109 graviter
831 2057 973 2096 cervice
990 2058 1210 2098 micantem.

155 2112 285 2162 Quem
311 2126 350 2151 se
374 2113 659 2166 intorquentem
682 2111 846 2161 lanians,
866 2119 1064 2165 rostroque
1089 2124 1224 2152 cruen-

316 2175 414 2215 tans,

803 2231 839 2260 ,E
870 2222 895 2259 3
