1470 2402
338 101 416 141 DE
445 101 710 152 LEGIBUS,
741 104 842 142 Lm.
864 104 898 144 Ι.
920 105 1026 145 CAP.
1046 108 1084 145 2.
1191 109 1264 148 131

142 213 313 252 Atticus.
343 210 567 249 Postulatur
591 225 615 249 a
641 219 679 250 te
699 213 866 263 jamdiu,
886 215 948 253 vel
976 215 1171 267 flagitatur
1194 229 1266 268 po-

141 267 233 314 tius,
259 265 430 304 historia.
470 265 534 304 Sic
560 266 666 304 enim
689 275 842 317 putant,
868 276 906 306 te
930 269 1040 308 illam
1065 278 1264 315 tractante,

139 321 237 360 effici
264 332 386 372 posse,
416 327 460 357 ut
487 319 529 357 in
556 319 629 358 hoc
662 321 777 359 etiam
810 335 947 373 genere
977 324 1137 363 Graeciae
1165 326 1264 364 nihil

139 375 332 414 cedamus.
373 374 523 424 Atque,
543 381 588 411 ut
606 375 753 423 audias,
775 376 868 427 quid
889 391 958 428 ego
984 378 1064 429 ipse
1084 381 1261 429 sentiam,

140 442 219 469 non
251 429 375 467 solum
396 428 495 465 mihi
509 428 646 467 videris
666 443 798 467 eorum
819 431 952 470 studiis
973 433 1040 484 qui
1058 433 1177 472 literis
1196 435 1264 473 de-

137 484 340 529 lectantur,
362 482 427 520 sed
453 482 568 520 etiam
593 484 740 534 patriae,
761 484 898 523 debere
921 485 994 524 hoe
1018 500 1187 534 munus3
1217 497 1263 527 ut

138 552 196 587 ea,
217 551 305 590 quae
323 537 428 575 salva
447 550 514 588 per
540 545 578 575 te
597 546 665 582 est,
687 551 754 589 per
774 547 810 576 te
835 541 1015 579 eumdem
1041 542 1089 579 sit
1114 553 1260 581 ornata,

134 593 261 632 Abest
280 591 383 630 enim
402 590 558 629 historia
570 591 687 630 literis
700 593 850 641 nostris,
864 601 907 631 ut
927 603 962 633 et
977 595 1058 647 ipse
1072 596 1259 648 intelligo,

135 654 174 686 et
193 660 241 685 ex
259 654 297 684 te
314 658 482 697 persaepe
501 645 627 684 audio.
670 646 784 685 Potes
803 656 932 686 autem
952 657 995 687 tu
1013 650 1182 701 profecto
1202 665 1261 689 sa-

133 701 306 740 tisfacere
323 701 365 738 in
384 700 442 747 ea,
464 700 608 751 quippe
626 713 717 739 cum
744 701 791 739 sit
816 715 912 754 opus
933 706 993 746 (ut
1012 705 1082 742 tibi
1102 706 1257 756 quidem

132 755 254 795 videri
273 755 383 801 solet)
403 766 528 792 unum
552 754 623 793 hoc
649 755 858 794 oratorium
882 758 1064 797 maxime.
1107 759 1260 807 Quam-

132 811 266 849 obrem
285 808 503 860 aggredere,
524 822 773 860 quaesumus;
804 819 841 848 et
864 824 973 850 sume
992 813 1040 850 ad
1058 813 1158 852 hanc
1176 827 1259 853 rem

132 872 300 916 tempus,
317 876 406 915 quae
424 870 479 901 est
498 876 520 900 a
538 863 675 902 nostris
688 864 910 904 hominibus
924 866 1050 905 adhuc
1065 876 1132 906 aut
1147 869 1258 920 igno-

131 926 215 957 rata
228 925 295 956 aut
313 917 454 956 relicta.
484 917 606 964 Nam,
623 925 708 969 post
723 919 878 958 annales
891 921 1118 971 pontificum
1131 924 1260 962 maxi-

132 985 288 1012 morum
314 972 472 1023 (quibus
497 971 595 1009 nihil
619 981 743 1023 potest
767 986 846 1011 esse
869 975 1110 1024 jucundius).
1139 978 1171 1015 si
1190 986 1259 1017 aut

130 1027 183 1066 ad
202 1026 383 1073 Fabium,
404 1034 471 1063 aut
490 1025 539 1063 ad
559 1038 663 1075 eum,
685 1027 753 1078 qui
777 1027 848 1065 tibi
874 1041 1022 1080 semper
1040 1030 1081 1068 in
1101 1044 1165 1069 ore
1183 1041 1254 1079 est,

133 1082 337 1128 Catonem,
357 1087 424 1118 aut
443 1079 493 1117 ad
513 1080 709 1127 Pisonem,
730 1089 797 1120 aut
816 1081 866 1119 ad
885 1083 1097 1133 Fannium,
1119 1094 1186 1124 aut
1206 1087 1255 1125 ad

128 1135 383 1175 Vennonium
398 1133 526 1172 venias
541 1147 551 1179 ς
583 1148 821 1187 quamquam
835 1150 881 1174 ex
894 1137 953 1176 his
967 1139 1065 1177 alius
1079 1140 1153 1178 alio
1167 1141 1257 1192 plus

127 1191 245 1229 habet
263 1189 418 1236 virium,
439 1196 568 1226 tamen
589 1189 684 1240 quid
703 1199 784 1228 tam
803 1192 916 1240 exile,
944 1206 1062 1244 quam
1088 1194 1151 1232 isti
1170 1208 1255 1234 om-

128 1257 196 1284 nes
210 1247 228 1284 ?
258 1243 400 1282 Fannii
413 1251 543 1281 autem
557 1244 658 1281 aetati
677 1246 760 1294 conj
766 1253 903 1284 unctus
914 1246 1123 1299 Antipater
1135 1251 1254 1300 paulo

128 1299 278 1338 inflavit
307 1298 585 1344 vehementius,
621 1298 835 1351 habuitque
865 1300 961 1339 vires
991 1311 1156 1353 agrestes
1187 1305 1254 1343 ille

127 1354 287 1407 quidem
305 1360 421 1404 atque
438 1352 625 1399 horridas,
646 1353 727 1391 sine
745 1354 868 1392 nitore
886 1368 930 1394 ac
954 1357 1156 1407 palaestra:
1187 1359 1253 1397 sed

127 1415 259 1449 tamen
278 1406 483 1446 admonere
508 1407 675 1458 reliquos
701 1409 840 1459 potuit,
861 1416 905 1447 ut
931 1412 1143 1450 accuratius
1163 1413 1253 1451 scri-

125 1464 271 1502 herent.
307 1460 410 1499 Ecce
428 1468 558 1500 autem
584 1464 793 1501 successere
810 1463 902 1501 huic
921 1464 1052 1512 Gellii,
1075 1465 1250 1515 Clodius,

125 1516 302 1562 Asellio;
331 1514 430 1553 nihil
448 1516 498 1553 ad
517 1515 699 1565 Coelium,
715 1517 781 1555 sed
795 1518 923 1568 potius
938 1519 987 1557 ad
1001 1521 1251 1572 antiquorum

123 1572 351 1623 languorem
368 1576 485 1621 atque
503 1569 704 1609 inscitiam.
735 1572 842 1609 Nam
862 1573 957 1624 quid
975 1573 1159 1612 Macrum
1177 1588 1251 1614 nu-

124 1638 271 1664 merem
285 1627 303 1663 ?
333 1625 442 1674 cujus
459 1624 670 1676 loquacitas
688 1625 804 1664 habet
822 1627 970 1679 aliquid
981 1629 1220 1679 argutiarum
1235 1644 1247 1675 ;

124 1692 196 1718 nec
212 1679 255 1717 id
272 1685 402 1716 tamen
421 1691 470 1716 ex
483 1678 552 1717 illa
569 1680 720 1718 erudita
737 1680 961 1719 Graecorum
979 1683 1102 1734 copia,
1124 1684 1190 1721 sed
1202 1697 1249 1723 ex

126 1733 332 1773 librariolis
358 1732 533 1771 Latinis:
563 1733 604 1771 in
623 1734 858 1773 orationibus
885 1744 1014 1774 autem
1039 1738 1186 1776 multus
1213 1747 1250 1777 et

125 1789 293 1840 ineptus,
322 1785 372 1824 ad
399 1799 594 1825 summam
623 1788 916 1840 impudentiam.
961 1791 1134 1839 Sisenna,
1166 1794 1248 1842 ejus

125 1842 287 1888 amicus,
317 1853 451 1879 omnes
484 1841 609 1880 adhuc
641 1850 788 1882 nostros
820 1844 1019 1896 scriptores
1056 1846 1147 1889 (nisi
1179 1847 1248 1899 qui

125 1898 223 1936 foroe
248 1895 423 1934 nondum
448 1895 661 1945 ediderunt,
688 1897 738 1935 de
761 1898 902 1950 quibus
929 1899 1146 1939 existimare
1170 1914 1247 1940 non

126 1957 347 2004 possumus)
366 1949 478 1988 facile
491 1951 694 2002 superavit.
724 1952 766 1990 Is
781 1961 909 1991 tamen
924 1966 1050 2006 neque
1067 1964 1192 1994 orator
1204 1957 1247 1994 in

126 2019 289 2045 numero
315 2011 439 2044 vestro
464 2018 639 2057 unquam
665 2013 722 2044 est
750 2006 930 2054 habitus;
958 2016 998 2046 et
1022 2009 1063 2047 in
1090 2010 1247 2049 historia

126 2061 273 2113 puerile
291 2059 477 2112 quiddam
491 2068 753 2107 consectatur3
783 2069 828 2100 ut
846 2075 970 2100 unum
989 2062 1245 2112 Clitar-chum,

124 2128 250 2168 neque
267 2122 449 2166 praeterea
467 2127 718 2166 quemquam,
745 2115 794 2154 de
818 2117 963 2156 Graecis
987 2118 1122 2170 legisse
1142 2119 1247 2158 vide-

120 2177 235 2218 atur3
265 2183 356 2209 eum
380 2176 510 2209 tamen
536 2169 633 2209 velle
657 2170 846 2210 duntaxat
870 2172 1042 2218 imitari3
1071 2186 1188 2224 quem
1215 2174 1247 2212 si
