<?xml version="1.0" encoding="UTF-8"?>
<!DOCTYPE html PUBLIC "-//W3C//DTD XHTML 1.0 Transitional//EN"
    "http://www.w3.org/TR/xhtml1/DTD/xhtml1-transitional.dtd">
<html xmlns="http://www.w3.org/1999/xhtml" xml:lang="en" lang="en">
 <head>
  <title>
</title>
<meta http-equiv="Content-Type" content="text/html;charset=utf-8" />
  <meta name='ocr-system' content='tesseract 3.04.00' />
  <meta name='ocr-capabilities' content='ocr_page ocr_carea ocr_par ocr_line ocrx_word'/>
</head>
<body>
  <div class='ocr_page' id='page_1' title='image "./operaern04ciceuoft_0205.png"; bbox 0 0 1470 2402; ppageno 0'>
   <div class='ocr_carea' id='block_1_1' title="bbox 312 96 1301 162">
    <p class='ocr_par' dir='ltr' id='par_1_1' title="bbox 312 96 1301 162">
     <span class='ocr_line' id='line_1_1' title="bbox 312 96 1301 162; baseline 0.001 -27"><span class='ocrx_word' id='word_1_1' title='bbox 312 96 427 162; x_wconf 39' lang='lat' dir='ltr'><strong>„DE</strong></span> <span class='ocrx_word' id='word_1_2' title='bbox 457 96 718 147; x_wconf 82' lang='lat' dir='ltr'>LEGIBUS,</span> <span class='ocrx_word' id='word_1_3' title='bbox 739 96 838 135; x_wconf 77' lang='lat' dir='ltr'><strong>Lm.</strong></span> <span class='ocrx_word' id='word_1_4' title='bbox 860 96 943 136; x_wconf 88' lang='grc' dir='ltr'><strong>ΙΙΙ.</strong></span> <span class='ocrx_word' id='word_1_5' title='bbox 960 96 1065 136; x_wconf 76' lang='lat' dir='ltr'><strong>CAP.</strong></span> <span class='ocrx_word' id='word_1_6' title='bbox 1089 98 1151 136; x_wconf 88' lang='lat'><strong>13.</strong></span> <span class='ocrx_word' id='word_1_7' title='bbox 1230 98 1301 137; x_wconf 82' lang='lat'><strong>191</strong></span> 
     </span>
    </p>
   </div>
   <div class='ocr_carea' id='block_1_2' title="bbox 192 204 1324 2257">
    <p class='ocr_par' dir='ltr' id='par_1_2' title="bbox 193 204 1312 364">
     <span class='ocr_line' id='line_1_2' title="bbox 194 204 1312 257; baseline -0.002 -13"><span class='ocrx_word' id='word_1_8' title='bbox 194 205 314 244; x_wconf 85' lang='lat' dir='ltr'><strong>larem</strong></span> <span class='ocrx_word' id='word_1_9' title='bbox 331 213 377 244; x_wconf 90' lang='lat' dir='ltr'><strong>ut</strong></span> <span class='ocrx_word' id='word_1_10' title='bbox 395 218 472 243; x_wconf 89' lang='lat' dir='ltr'><strong>non</strong></span> <span class='ocrx_word' id='word_1_11' title='bbox 491 212 615 257; x_wconf 86' lang='lat' dir='ltr'><strong>posset</strong></span> <span class='ocrx_word' id='word_1_12' title='bbox 633 205 777 254; x_wconf 85' lang='lat' dir='ltr'>obsisti,</span> <span class='ocrx_word' id='word_1_13' title='bbox 806 205 1013 256; x_wconf 80' lang='lat' dir='ltr'>perniciose</span> <span class='ocrx_word' id='word_1_14' title='bbox 1039 205 1215 257; x_wconf 85' lang='lat' dir='ltr'><strong>populari</strong></span> <span class='ocrx_word' id='word_1_15' title='bbox 1238 204 1312 243; x_wconf 88' lang='lat' dir='ltr'><strong>civi</strong></span> 
     </span>
     <span class='ocr_line' id='line_1_3' title="bbox 193 258 1312 311; baseline 0 -14"><span class='ocrx_word' id='word_1_16' title='bbox 193 272 272 297; x_wconf 90' lang='lat' dir='ltr'><strong>non</strong></span> <span class='ocrx_word' id='word_1_17' title='bbox 283 260 506 311; x_wconf 88' lang='lat' dir='ltr'><strong>relinquere.</strong></span> <span class='ocrx_word' id='word_1_18' title='bbox 536 260 616 298; x_wconf 85' lang='lat' dir='ltr'><strong>Scis</strong></span> <span class='ocrx_word' id='word_1_19' title='bbox 636 260 765 306; x_wconf 88' lang='lat' dir='ltr'><strong>solere,</strong></span> <span class='ocrx_word' id='word_1_20' title='bbox 785 258 915 307; x_wconf 87' lang='lat' dir='ltr'><strong>frater,</strong></span> <span class='ocrx_word' id='word_1_21' title='bbox 935 259 975 297; x_wconf 92' lang='lat' dir='ltr'><strong>in</strong></span> <span class='ocrx_word' id='word_1_22' title='bbox 994 259 1217 309; x_wconf 90' lang='lat' dir='ltr'><strong>hujusmodi</strong></span> <span class='ocrx_word' id='word_1_23' title='bbox 1235 273 1312 297; x_wconf 89' lang='lat' dir='ltr'><strong>ser·</strong></span> 
     </span>
     <span class='ocr_line' id='line_1_4' title="bbox 193 313 1235 364; baseline -0.001 -13"><span class='ocrx_word' id='word_1_24' title='bbox 193 326 324 361; x_wconf 87' lang='lat' dir='ltr'><strong>mone,</strong></span> <span class='ocrx_word' id='word_1_25' title='bbox 344 321 389 352; x_wconf 89' lang='lat' dir='ltr'><strong>ut</strong></span> <span class='ocrx_word' id='word_1_26' title='bbox 406 313 557 352; x_wconf 83' lang='lat' dir='ltr'><strong>transiri</strong></span> <span class='ocrx_word' id='word_1_27' title='bbox 568 313 642 351; x_wconf 88' lang='lat' dir='ltr'><strong>alio</strong></span> <span class='ocrx_word' id='word_1_28' title='bbox 660 313 791 364; x_wconf 79' lang='lat' dir='ltr'><strong>possit,</strong></span> <span class='ocrx_word' id='word_1_29' title='bbox 814 316 843 336; x_wconf 83' lang='grc'>“</span> <span class='ocrx_word' id='word_1_30' title='bbox 863 314 912 351; x_wconf 88' lang='lat' dir='ltr'><strong>ad</strong></span> <span class='ocrx_word' id='word_1_31' title='bbox 925 313 1129 360; x_wconf 87' lang='lat' dir='ltr'><strong>modum,’&#39;</strong></span> <span class='ocrx_word' id='word_1_32' title='bbox 1150 313 1235 351; x_wconf 90' lang='lat' dir='ltr'><strong>dici.</strong></span> 
     </span>
    </p>

    <p class='ocr_par' dir='ltr' id='par_1_3' title="bbox 192 366 1316 687">
     <span class='ocr_line' id='line_1_5' title="bbox 248 366 1310 412; baseline 0 -7"><span class='ocrx_word' id='word_1_33' title='bbox 248 368 351 407; x_wconf 89' lang='lat' dir='ltr'>XII.</span> <span class='ocrx_word' id='word_1_34' title='bbox 379 369 549 406; x_wconf 73' lang='lat' dir='ltr'><strong>Atticus.</strong></span> <span class='ocrx_word' id='word_1_35' title='bbox 590 368 750 405; x_wconf 85' lang='lat' dir='ltr'>Prorsus</span> <span class='ocrx_word' id='word_1_36' title='bbox 781 368 836 405; x_wconf 87' lang='lat' dir='ltr'><strong>ita</strong></span> <span class='ocrx_word' id='word_1_37' title='bbox 865 374 930 405; x_wconf 89' lang='lat' dir='ltr'><strong>es&#39;t.</strong></span> <span class='ocrx_word' id='word_1_38' title='bbox 966 368 1145 412; x_wconf 76' lang='lat' dir='ltr'><strong>Quintus.</strong></span> <span class='ocrx_word' id='word_1_39' title='bbox 1189 366 1310 405; x_wconf 82' lang='lat' dir='ltr'><strong>Haud</strong></span> 
     </span>
     <span class='ocr_line' id='line_1_6' title="bbox 194 421 1312 474; baseline -0.001 -14"><span class='ocrx_word' id='word_1_40' title='bbox 194 421 373 474; x_wconf 87' lang='lat' dir='ltr'><strong>equidem</strong></span> <span class='ocrx_word' id='word_1_41' title='bbox 400 421 604 460; x_wconf 83' lang='lat' dir='ltr'><strong>assentior:</strong></span> <span class='ocrx_word' id='word_1_42' title='bbox 636 429 679 459; x_wconf 93' lang='lat' dir='ltr'><strong>tu</strong></span> <span class='ocrx_word' id='word_1_43' title='bbox 704 430 833 460; x_wconf 87' lang='lat' dir='ltr'><strong>tamen</strong></span> <span class='ocrx_word' id='word_1_44' title='bbox 858 421 907 459; x_wconf 89' lang='lat' dir='ltr'><strong>ad</strong></span> <span class='ocrx_word' id='word_1_45' title='bbox 931 422 1079 472; x_wconf 85' lang='lat' dir='ltr'><strong>reliqua</strong></span> <span class='ocrx_word' id='word_1_46' title='bbox 1096 435 1230 473; x_wconf 84' lang='lat' dir='ltr'><strong>pergas</strong></span> <span class='ocrx_word' id='word_1_47' title='bbox 1249 434 1312 459; x_wconf 88' lang='lat' dir='ltr'><strong>ve·</strong></span> 
     </span>
     <span class='ocr_line' id='line_1_7' title="bbox 195 476 1314 526; baseline -0.001 -12"><span class='ocrx_word' id='word_1_48' title='bbox 195 476 279 514; x_wconf 87' lang='lat' dir='ltr'><strong>lim.</strong></span> <span class='ocrx_word' id='word_1_49' title='bbox 309 478 492 514; x_wconf 75' lang='lat' dir='ltr'><strong>Marcus.</strong></span> <span class='ocrx_word' id='word_1_50' title='bbox 522 476 742 514; x_wconf 88' lang='lat' dir='ltr'><strong>Perseveras</strong></span> <span class='ocrx_word' id='word_1_51' title='bbox 757 484 799 514; x_wconf 91' lang='lat' dir='ltr'><strong>tu</strong></span> <span class='ocrx_word' id='word_1_52' title='bbox 821 476 991 526; x_wconf 90' lang='lat' dir='ltr'><strong>quidem,</strong></span> <span class='ocrx_word' id='word_1_53' title='bbox 1006 483 1042 513; x_wconf 90' lang='lat' dir='ltr'><strong>et</strong></span> <span class='ocrx_word' id='word_1_54' title='bbox 1055 476 1096 513; x_wconf 93' lang='lat' dir='ltr'><strong>in</strong></span> <span class='ocrx_word' id='word_1_55' title='bbox 1110 476 1178 513; x_wconf 68' lang='lat' dir='ltr'><strong>tua</strong></span> <span class='ocrx_word' id='word_1_56' title='bbox 1190 483 1314 513; x_wconf 87' lang='lat' dir='ltr'><strong>vetere</strong></span> 
     </span>
     <span class='ocr_line' id='line_1_8' title="bbox 192 530 1315 582; baseline -0.002 -14"><span class='ocrx_word' id='word_1_57' title='bbox 192 530 379 568; x_wconf 64' lang='lat' dir='ltr'><strong>sententia</strong></span> <span class='ocrx_word' id='word_1_58' title='bbox 386 543 596 582; x_wconf 87' lang='lat' dir='ltr'><strong>permanes.</strong></span> <span class='ocrx_word' id='word_1_59' title='bbox 618 530 798 574; x_wconf 70' lang='lat' dir='ltr'><strong>Quintus.</strong></span> <span class='ocrx_word' id='word_1_60' title='bbox 815 530 856 567; x_wconf 90' lang='lat' dir='ltr'>N</span> <span class='ocrx_word' id='word_1_61' title='bbox 859 543 947 577; x_wconf 90' lang='lat' dir='ltr'><strong>unc,</strong></span> <span class='ocrx_word' id='word_1_62' title='bbox 961 530 1188 567; x_wconf 89' lang='lat' dir='ltr'><strong>mehercule.</strong></span> <span class='ocrx_word' id='word_1_63' title='bbox 1204 530 1315 566; x_wconf 75' lang='lat' dir='ltr'><strong>Atti-</strong></span> 
     </span>
     <span class='ocr_line' id='line_1_9' title="bbox 192 583 1316 636; baseline -0.001 -14"><span class='ocrx_word' id='word_1_64' title='bbox 192 597 272 622; x_wconf 80' lang='lat' dir='ltr'><strong>cus.</strong></span> <span class='ocrx_word' id='word_1_65' title='bbox 302 584 389 636; x_wconf 90' lang='lat' dir='ltr'><strong>Ego</strong></span> <span class='ocrx_word' id='word_1_66' title='bbox 402 597 490 622; x_wconf 88' lang='lat' dir='ltr'><strong>sane</strong></span> <span class='ocrx_word' id='word_1_67' title='bbox 504 598 527 622; x_wconf 89' lang='lat' dir='ltr'><strong>a</strong></span> <span class='ocrx_word' id='word_1_68' title='bbox 545 584 694 632; x_wconf 86' lang='lat' dir='ltr'><strong>Quinto</strong></span> <span class='ocrx_word' id='word_1_69' title='bbox 709 591 836 624; x_wconf 86' lang='lat' dir='ltr'><strong>nostro</strong></span> <span class='ocrx_word' id='word_1_70' title='bbox 847 583 1038 623; x_wconf 72' lang='lat' dir='ltr'><strong>dissentio.</strong></span> <span class='ocrx_word' id='word_1_71' title='bbox 1067 584 1144 623; x_wconf 87' lang='lat' dir='ltr'><strong>Sed</strong></span> <span class='ocrx_word' id='word_1_72' title='bbox 1157 597 1214 631; x_wconf 91' lang='lat' dir='ltr'><strong>ea,</strong></span> <span class='ocrx_word' id='word_1_73' title='bbox 1228 595 1316 635; x_wconf 83' lang='lat' dir='ltr'><strong>quae</strong></span> 
     </span>
     <span class='ocr_line' id='line_1_10' title="bbox 192 639 583 687; baseline 0 -12"><span class='ocrx_word' id='word_1_74' title='bbox 192 645 349 687; x_wconf 81' lang='lat' dir='ltr'><strong>restant,</strong></span> <span class='ocrx_word' id='word_1_75' title='bbox 370 639 583 677; x_wconf 85' lang='lat' dir='ltr'>audiamus.</span> 
     </span>
    </p>

    <p class='ocr_par' dir='ltr' id='par_1_4' title="bbox 196 691 1322 2040">
     <span class='ocr_line' id='line_1_11' title="bbox 249 691 1315 744; baseline -0.001 -14"><span class='ocrx_word' id='word_1_76' title='bbox 249 694 431 731; x_wconf 71' lang='lat' dir='ltr'><strong>Marcus.</strong></span> <span class='ocrx_word' id='word_1_77' title='bbox 472 692 663 744; x_wconf 87' lang='lat' dir='ltr'><strong>Deinceps</strong></span> <span class='ocrx_word' id='word_1_78' title='bbox 688 692 805 743; x_wconf 86' lang='lat' dir='ltr'><strong>igitur</strong></span> <span class='ocrx_word' id='word_1_79' title='bbox 829 692 1008 730; x_wconf 82' lang='lat' dir='ltr'><strong>omnibus</strong></span> <span class='ocrx_word' id='word_1_80' title='bbox 1030 691 1315 742; x_wconf 80' lang='lat' dir='ltr'><strong>magistratibus</strong></span> 
     </span>
     <span class='ocr_line' id='line_1_12' title="bbox 196 745 1315 797; baseline -0.002 -12"><span class='ocrx_word' id='word_1_81' title='bbox 196 746 365 797; x_wconf 87' lang='lat' dir='ltr'><strong>auspicia</strong></span> <span class='ocrx_word' id='word_1_82' title='bbox 394 753 432 785; x_wconf 91' lang='lat' dir='ltr'><strong>et</strong></span> <span class='ocrx_word' id='word_1_83' title='bbox 455 747 599 796; x_wconf 82' lang='lat' dir='ltr'><strong>judicia</strong></span> <span class='ocrx_word' id='word_1_84' title='bbox 621 746 784 784; x_wconf 88' lang='lat' dir='ltr'><strong>dantur:</strong></span> <span class='ocrx_word' id='word_1_85' title='bbox 813 746 970 796; x_wconf 86' lang='lat' dir='ltr'><strong>judicia,</strong></span> <span class='ocrx_word' id='word_1_86' title='bbox 995 754 1040 784; x_wconf 92' lang='lat' dir='ltr'><strong>ut</strong></span> <span class='ocrx_word' id='word_1_87' title='bbox 1061 753 1156 784; x_wconf 91' lang='lat' dir='ltr'><strong>esset</strong></span> <span class='ocrx_word' id='word_1_88' title='bbox 1180 745 1315 797; x_wconf 77' lang='lat' dir='ltr'><strong>populi</strong></span> 
     </span>
     <span class='ocr_line' id='line_1_13' title="bbox 199 800 1318 862; baseline -0.001 -24"><span class='ocrx_word' id='word_1_89' title='bbox 199 808 377 851; x_wconf 84' lang='lat' dir='ltr'><strong>potestas,</strong></span> <span class='ocrx_word' id='word_1_90' title='bbox 398 800 447 838; x_wconf 84' lang='lat' dir='ltr'><strong>ad</strong></span> <span class='ocrx_word' id='word_1_91' title='bbox 462 813 579 862; x_wconf 88' lang='lat' dir='ltr'><strong>quam</strong></span> <span class='ocrx_word' id='word_1_92' title='bbox 597 808 890 851; x_wconf 87' lang='lat' dir='ltr'><strong>provocaretur:</strong></span> <span class='ocrx_word' id='word_1_93' title='bbox 920 800 1101 851; x_wconf 86' lang='lat' dir='ltr'><strong>auspicia,</strong></span> <span class='ocrx_word' id='word_1_94' title='bbox 1116 806 1162 837; x_wconf 93' lang='lat' dir='ltr'><strong>ut</strong></span> <span class='ocrx_word' id='word_1_95' title='bbox 1174 800 1318 837; x_wconf 91' lang='lat' dir='ltr'><strong>multos</strong></span> 
     </span>
     <span class='ocr_line' id='line_1_14' title="bbox 197 854 1313 905; baseline 0 -14"><span class='ocrx_word' id='word_1_96' title='bbox 197 854 351 892; x_wconf 89' lang='lat' dir='ltr'><strong>inutiles</strong></span> <span class='ocrx_word' id='word_1_97' title='bbox 392 855 607 893; x_wconf 87' lang='lat' dir='ltr'><strong>comitiatus</strong></span> <span class='ocrx_word' id='word_1_98' title='bbox 646 855 860 905; x_wconf 76' lang='lat' dir='ltr'><strong>probabiles</strong></span> <span class='ocrx_word' id='word_1_99' title='bbox 904 854 1133 905; x_wconf 84' lang='lat' dir='ltr'><strong>impedirent</strong></span> <span class='ocrx_word' id='word_1_100' title='bbox 1167 866 1313 891; x_wconf 88' lang='lat' dir='ltr'><strong>morae.</strong></span> 
     </span>
     <span class='ocr_line' id='line_1_15' title="bbox 198 906 1316 959; baseline -0.002 -13"><span class='ocrx_word' id='word_1_101' title='bbox 198 921 298 959; x_wconf 89' lang='lat' dir='ltr'><strong>saepe</strong></span> <span class='ocrx_word' id='word_1_102' title='bbox 324 908 427 946; x_wconf 89' lang='lat' dir='ltr'><strong>enim</strong></span> <span class='ocrx_word' id='word_1_103' title='bbox 451 908 586 959; x_wconf 85' lang='lat' dir='ltr'><strong>populi</strong></span> <span class='ocrx_word' id='word_1_104' title='bbox 615 908 804 959; x_wconf 88' lang='lat' dir='ltr'><strong>impetum</strong></span> <span class='ocrx_word' id='word_1_105' title='bbox 832 909 1022 958; x_wconf 89' lang='lat' dir='ltr'><strong>injustum</strong></span> <span class='ocrx_word' id='word_1_106' title='bbox 1047 908 1224 959; x_wconf 89' lang='lat' dir='ltr'><strong>auspiciis</strong></span> <span class='ocrx_word' id='word_1_107' title='bbox 1246 906 1316 944; x_wconf 90' lang='lat' dir='ltr'><strong>Dii</strong></span> 
     </span>
     <span class='ocr_line' id='line_1_16' title="bbox 197 961 1317 1014; baseline 0 -15"><span class='ocrx_word' id='word_1_108' title='bbox 197 962 432 1001; x_wconf 87' lang='lat' dir='ltr'><strong>immortales</strong></span> <span class='ocrx_word' id='word_1_109' title='bbox 450 969 716 1014; x_wconf 84' lang='lat' dir='ltr'><strong>represserunt.</strong></span> <span class='ocrx_word' id='word_1_110' title='bbox 774 962 841 999; x_wconf 81' lang='lat' dir='ltr'><strong>Ex</strong></span> <span class='ocrx_word' id='word_1_111' title='bbox 866 963 925 1000; x_wconf 92' lang='lat' dir='ltr'><strong>his</strong></span> <span class='ocrx_word' id='word_1_112' title='bbox 952 970 1081 1000; x_wconf 89' lang='lat' dir='ltr'><strong>autem</strong></span> <span class='ocrx_word' id='word_1_113' title='bbox 1107 962 1175 1013; x_wconf 92' lang='lat' dir='ltr'><strong>qui</strong></span> <span class='ocrx_word' id='word_1_114' title='bbox 1193 961 1317 1012; x_wconf 87' lang='lat' dir='ltr'><strong>magi·</strong></span> 
     </span>
     <span class='ocr_line' id='line_1_17' title="bbox 198 1015 1317 1077; baseline -0.003 -22"><span class='ocrx_word' id='word_1_115' title='bbox 198 1023 361 1055; x_wconf 83' lang='lat' dir='ltr'><strong>stratum</strong></span> <span class='ocrx_word' id='word_1_116' title='bbox 376 1023 569 1067; x_wconf 88' lang='lat' dir='ltr'><strong>ceperunt,</strong></span> <span class='ocrx_word' id='word_1_117' title='bbox 594 1015 698 1066; x_wconf 89' lang='lat' dir='ltr'><strong>quod</strong></span> <span class='ocrx_word' id='word_1_118' title='bbox 717 1023 868 1054; x_wconf 84' lang='lat' dir='ltr'><strong>senatus</strong></span> <span class='ocrx_word' id='word_1_119' title='bbox 891 1016 1064 1077; x_wconf 82' lang='lat' dir='ltr'><strong>efficitur,</strong></span> <span class='ocrx_word' id='word_1_120' title='bbox 1090 1016 1317 1067; x_wconf 89' lang='lat' dir='ltr'><strong>popularem</strong></span> 
     </span>
     <span class='ocr_line' id='line_1_18' title="bbox 200 1069 1317 1121; baseline -0.001 -14"><span class='ocrx_word' id='word_1_121' title='bbox 200 1082 290 1108; x_wconf 88' lang='lat' dir='ltr'><strong>sane</strong></span> <span class='ocrx_word' id='word_1_122' title='bbox 303 1069 497 1108; x_wconf 90' lang='lat' dir='ltr'><strong>neminem</strong></span> <span class='ocrx_word' id='word_1_123' title='bbox 512 1069 553 1106; x_wconf 92' lang='lat' dir='ltr'><strong>in</strong></span> <span class='ocrx_word' id='word_1_124' title='bbox 572 1081 770 1107; x_wconf 86' lang='lat' dir='ltr'><strong>summum</strong></span> <span class='ocrx_word' id='word_1_125' title='bbox 788 1070 930 1118; x_wconf 89' lang='lat' dir='ltr'><strong>locum,</strong></span> <span class='ocrx_word' id='word_1_126' title='bbox 946 1070 1019 1108; x_wconf 91' lang='lat' dir='ltr'><strong>nisi</strong></span> <span class='ocrx_word' id='word_1_127' title='bbox 1032 1083 1100 1121; x_wconf 89' lang='lat' dir='ltr'><strong>per</strong></span> <span class='ocrx_word' id='word_1_128' title='bbox 1113 1070 1317 1121; x_wconf 79' lang='lat' dir='ltr'><strong>populum,</strong></span> 
     </span>
     <span class='ocr_line' id='line_1_19' title="bbox 201 1123 1320 1175; baseline -0.001 -13"><span class='ocrx_word' id='word_1_129' title='bbox 201 1123 343 1171; x_wconf 85' lang='lat' dir='ltr'><strong>venire,</strong></span> <span class='ocrx_word' id='word_1_130' title='bbox 365 1123 515 1162; x_wconf 89' lang='lat' dir='ltr'><strong>sublata</strong></span> <span class='ocrx_word' id='word_1_131' title='bbox 537 1123 771 1175; x_wconf 84' lang='lat' dir='ltr'><strong>cooptatione</strong></span> <span class='ocrx_word' id='word_1_132' title='bbox 797 1124 974 1162; x_wconf 81' lang='lat' dir='ltr'><strong>censoria.</strong></span> <span class='ocrx_word' id='word_1_133' title='bbox 1005 1124 1080 1162; x_wconf 87' lang='lat' dir='ltr'><strong>Sed</strong></span> <span class='ocrx_word' id='word_1_134' title='bbox 1104 1131 1241 1175; x_wconf 89' lang='lat' dir='ltr'><strong>praesto</strong></span> <span class='ocrx_word' id='word_1_135' title='bbox 1264 1130 1320 1161; x_wconf 86' lang='lat' dir='ltr'><strong>est</strong></span> 
     </span>
     <span class='ocr_line' id='line_1_20' title="bbox 201 1177 1319 1229; baseline -0.001 -14"><span class='ocrx_word' id='word_1_136' title='bbox 201 1177 319 1227; x_wconf 89' lang='lat' dir='ltr'><strong>hujus</strong></span> <span class='ocrx_word' id='word_1_137' title='bbox 338 1178 420 1215; x_wconf 89' lang='lat' dir='ltr'><strong>vitii</strong></span> <span class='ocrx_word' id='word_1_138' title='bbox 438 1178 675 1229; x_wconf 74' lang='lat' dir='ltr'><strong>temperatio,</strong></span> <span class='ocrx_word' id='word_1_139' title='bbox 696 1177 799 1229; x_wconf 89' lang='lat' dir='ltr'><strong>quod</strong></span> <span class='ocrx_word' id='word_1_140' title='bbox 814 1180 964 1216; x_wconf 89' lang='lat' dir='ltr'><strong>senatus</strong></span> <span class='ocrx_word' id='word_1_141' title='bbox 981 1178 1065 1229; x_wconf 88' lang='lat' dir='ltr'><strong>lege</strong></span> <span class='ocrx_word' id='word_1_142' title='bbox 1082 1177 1211 1215; x_wconf 87' lang='lat' dir='ltr'><strong>nostra</strong></span> <span class='ocrx_word' id='word_1_143' title='bbox 1230 1189 1319 1215; x_wconf 89' lang='lat' dir='ltr'><strong>con-</strong></span> 
     </span>
     <span class='ocr_line' id='line_1_21' title="bbox 202 1231 1319 1283; baseline 0 -14"><span class='ocrx_word' id='word_1_144' title='bbox 202 1231 377 1270; x_wconf 89' lang='lat' dir='ltr'><strong>firmatur</strong></span> <span class='ocrx_word' id='word_1_145' title='bbox 395 1232 607 1270; x_wconf 77' lang='lat' dir='ltr'><strong>auctoritas.</strong></span> <span class='ocrx_word' id='word_1_146' title='bbox 649 1232 829 1283; x_wconf 87' lang='lat' dir='ltr'><strong>Sequitur</strong></span> <span class='ocrx_word' id='word_1_147' title='bbox 852 1232 970 1281; x_wconf 90' lang='lat' dir='ltr'><strong>enim,</strong></span> <span class='ocrx_word' id='word_1_148' title='bbox 997 1234 1025 1254; x_wconf 71' lang='lat'><strong>‘⁶</strong></span> <span class='ocrx_word' id='word_1_149' title='bbox 1045 1232 1145 1281; x_wconf 88' lang='lat' dir='ltr'><strong>Ejus</strong></span> <span class='ocrx_word' id='word_1_150' title='bbox 1170 1231 1319 1269; x_wconf 85' lang='lat' dir='ltr'><strong>decreta</strong></span> 
     </span>
     <span class='ocr_line' id='line_1_22' title="bbox 200 1285 1317 1335; baseline -0.001 -12"><span class='ocrx_word' id='word_1_151' title='bbox 200 1293 283 1324; x_wconf 83' lang='lat' dir='ltr'><strong>rata</strong></span> <span class='ocrx_word' id='word_1_152' title='bbox 302 1287 455 1324; x_wconf 90' lang='lat' dir='ltr'><strong>sunto.”</strong></span> <span class='ocrx_word' id='word_1_153' title='bbox 509 1286 617 1323; x_wconf 85' lang='lat' dir='ltr'><strong>Nam</strong></span> <span class='ocrx_word' id='word_1_154' title='bbox 645 1285 700 1324; x_wconf 84' lang='lat' dir='ltr'><strong>ita</strong></span> <span class='ocrx_word' id='word_1_155' title='bbox 724 1299 762 1324; x_wconf 90' lang='lat' dir='ltr'><strong>se</strong></span> <span class='ocrx_word' id='word_1_156' title='bbox 784 1299 842 1324; x_wconf 87' lang='lat' dir='ltr'><strong>res</strong></span> <span class='ocrx_word' id='word_1_157' title='bbox 863 1285 993 1335; x_wconf 90' lang='lat' dir='ltr'><strong>habet,</strong></span> <span class='ocrx_word' id='word_1_158' title='bbox 1019 1293 1077 1335; x_wconf 88' lang='lat' dir='ltr'><strong>ut,</strong></span> <span class='ocrx_word' id='word_1_159' title='bbox 1106 1286 1138 1323; x_wconf 91' lang='lat' dir='ltr'><strong>si</strong></span> <span class='ocrx_word' id='word_1_160' title='bbox 1165 1292 1317 1323; x_wconf 88' lang='lat' dir='ltr'><strong>senatus</strong></span> 
     </span>
     <span class='ocr_line' id='line_1_23' title="bbox 202 1339 1318 1392; baseline -0.002 -14"><span class='ocrx_word' id='word_1_161' title='bbox 202 1339 382 1378; x_wconf 88' lang='lat' dir='ltr'><strong>dominus</strong></span> <span class='ocrx_word' id='word_1_162' title='bbox 400 1340 448 1378; x_wconf 90' lang='lat' dir='ltr'><strong>sit</strong></span> <span class='ocrx_word' id='word_1_163' title='bbox 465 1340 610 1392; x_wconf 86' lang='lat' dir='ltr'><strong>publici</strong></span> <span class='ocrx_word' id='word_1_164' title='bbox 628 1340 788 1386; x_wconf 86' lang='lat' dir='ltr'><strong>consilii,</strong></span> <span class='ocrx_word' id='word_1_165' title='bbox 809 1340 988 1391; x_wconf 92' lang='lat' dir='ltr'><strong>quodque</strong></span> <span class='ocrx_word' id='word_1_166' title='bbox 1005 1339 1037 1378; x_wconf 88' lang='lat' dir='ltr'><strong>is</strong></span> <span class='ocrx_word' id='word_1_167' title='bbox 1056 1339 1226 1385; x_wconf 84' lang='lat' dir='ltr'><strong>creverit,</strong></span> <span class='ocrx_word' id='word_1_168' title='bbox 1253 1339 1318 1376; x_wconf 91' lang='lat' dir='ltr'><strong>de-</strong></span> 
     </span>
     <span class='ocr_line' id='line_1_24' title="bbox 201 1393 1318 1445; baseline -0.001 -14"><span class='ocrx_word' id='word_1_169' title='bbox 201 1393 361 1432; x_wconf 87' lang='lat' dir='ltr'><strong>fendant</strong></span> <span class='ocrx_word' id='word_1_170' title='bbox 379 1407 535 1439; x_wconf 79' lang='lat' dir='ltr'><strong>omnes3</strong></span> <span class='ocrx_word' id='word_1_171' title='bbox 566 1401 616 1441; x_wconf 89' lang='lat' dir='ltr'><strong>et,</strong></span> <span class='ocrx_word' id='word_1_172' title='bbox 642 1394 673 1432; x_wconf 90' lang='lat' dir='ltr'><strong>si</strong></span> <span class='ocrx_word' id='word_1_173' title='bbox 701 1394 849 1432; x_wconf 86' lang='lat' dir='ltr'><strong>ordines</strong></span> <span class='ocrx_word' id='word_1_174' title='bbox 874 1393 1025 1445; x_wconf 84' lang='lat' dir='ltr'><strong>reliqui,</strong></span> <span class='ocrx_word' id='word_1_175' title='bbox 1052 1393 1233 1445; x_wconf 86' lang='lat' dir='ltr'><strong>principis</strong></span> <span class='ocrx_word' id='word_1_176' title='bbox 1258 1406 1318 1431; x_wconf 92' lang='lat' dir='ltr'><strong>or-</strong></span> 
     </span>
     <span class='ocr_line' id='line_1_25' title="bbox 201 1447 1318 1500; baseline -0.001 -15"><span class='ocrx_word' id='word_1_177' title='bbox 201 1448 300 1486; x_wconf 88' lang='lat' dir='ltr'><strong>dinis</strong></span> <span class='ocrx_word' id='word_1_178' title='bbox 319 1448 474 1487; x_wconf 91' lang='lat' dir='ltr'><strong>consilio</strong></span> <span class='ocrx_word' id='word_1_179' title='bbox 492 1448 769 1499; x_wconf 87' lang='lat' dir='ltr'><strong>rempublicam</strong></span> <span class='ocrx_word' id='word_1_180' title='bbox 792 1449 995 1500; x_wconf 88' lang='lat' dir='ltr'><strong>gubernari</strong></span> <span class='ocrx_word' id='word_1_181' title='bbox 1013 1448 1155 1493; x_wconf 82' lang='lat' dir='ltr'><strong>velint3</strong></span> <span class='ocrx_word' id='word_1_182' title='bbox 1185 1447 1318 1499; x_wconf 81' lang='lat' dir='ltr'><strong>possit,</strong></span> 
     </span>
     <span class='ocr_line' id='line_1_26' title="bbox 203 1502 1318 1554; baseline -0.001 -14"><span class='ocrx_word' id='word_1_183' title='bbox 203 1515 251 1540; x_wconf 87' lang='lat' dir='ltr'><strong>ex</strong></span> <span class='ocrx_word' id='word_1_184' title='bbox 277 1503 548 1553; x_wconf 84' lang='lat' dir='ltr'><strong>temperatione</strong></span> <span class='ocrx_word' id='word_1_185' title='bbox 569 1503 680 1552; x_wconf 86' lang='lat' dir='ltr'><strong>juris,</strong></span> <span class='ocrx_word' id='word_1_186' title='bbox 702 1515 791 1540; x_wconf 89' lang='lat' dir='ltr'><strong>cum</strong></span> <span class='ocrx_word' id='word_1_187' title='bbox 809 1510 972 1553; x_wconf 87' lang='lat' dir='ltr'><strong>potestas</strong></span> <span class='ocrx_word' id='word_1_188' title='bbox 991 1502 1032 1539; x_wconf 93' lang='lat' dir='ltr'><strong>in</strong></span> <span class='ocrx_word' id='word_1_189' title='bbox 1049 1502 1208 1554; x_wconf 92' lang='lat' dir='ltr'><strong>populo,</strong></span> <span class='ocrx_word' id='word_1_190' title='bbox 1228 1514 1318 1539; x_wconf 89' lang='lat' dir='ltr'><strong>auc-</strong></span> 
     </span>
     <span class='ocr_line' id='line_1_27' title="bbox 201 1556 1318 1605; baseline -0.001 -12"><span class='ocrx_word' id='word_1_191' title='bbox 201 1556 332 1594; x_wconf 85' lang='lat' dir='ltr'><strong>toritas</strong></span> <span class='ocrx_word' id='word_1_192' title='bbox 351 1557 392 1594; x_wconf 92' lang='lat' dir='ltr'><strong>in</strong></span> <span class='ocrx_word' id='word_1_193' title='bbox 410 1564 541 1595; x_wconf 88' lang='lat' dir='ltr'><strong>senatu</strong></span> <span class='ocrx_word' id='word_1_194' title='bbox 562 1557 624 1605; x_wconf 92' lang='lat' dir='ltr'><strong>sit,</strong></span> <span class='ocrx_word' id='word_1_195' title='bbox 644 1557 763 1595; x_wconf 89' lang='lat' dir='ltr'><strong>teneri</strong></span> <span class='ocrx_word' id='word_1_196' title='bbox 780 1556 845 1594; x_wconf 82' lang='lat' dir='ltr'><strong>ilie</strong></span> <span class='ocrx_word' id='word_1_197' title='bbox 863 1556 1079 1594; x_wconf 88' lang='lat' dir='ltr'><strong>moderatus</strong></span> <span class='ocrx_word' id='word_1_198' title='bbox 1102 1564 1139 1594; x_wconf 87' lang='lat' dir='ltr'><strong>et</strong></span> <span class='ocrx_word' id='word_1_199' title='bbox 1167 1567 1318 1593; x_wconf 90' lang='lat' dir='ltr'><strong>concors</strong></span> 
     </span>
     <span class='ocr_line' id='line_1_28' title="bbox 204 1609 1318 1662; baseline 0 -16"><span class='ocrx_word' id='word_1_200' title='bbox 204 1609 365 1647; x_wconf 89' lang='lat' dir='ltr'><strong>civitatis</strong></span> <span class='ocrx_word' id='word_1_201' title='bbox 379 1618 512 1657; x_wconf 84' lang='lat' dir='ltr'><strong>status,</strong></span> <span class='ocrx_word' id='word_1_202' title='bbox 530 1611 740 1662; x_wconf 84' lang='lat' dir='ltr'><strong>praesertim</strong></span> <span class='ocrx_word' id='word_1_203' title='bbox 762 1611 793 1648; x_wconf 92' lang='lat' dir='ltr'><strong>si</strong></span> <span class='ocrx_word' id='word_1_204' title='bbox 811 1611 997 1661; x_wconf 86' lang='lat' dir='ltr'><strong>proximae</strong></span> <span class='ocrx_word' id='word_1_205' title='bbox 1017 1610 1093 1661; x_wconf 88' lang='lat' dir='ltr'><strong>legi</strong></span> <span class='ocrx_word' id='word_1_206' title='bbox 1111 1609 1318 1661; x_wconf 87' lang='lat' dir='ltr'><strong>parebitur.</strong></span> 
     </span>
     <span class='ocr_line' id='line_1_29' title="bbox 204 1662 1321 1714; baseline -0.001 -13"><span class='ocrx_word' id='word_1_207' title='bbox 204 1663 312 1701; x_wconf 88' lang='lat' dir='ltr'><strong>Nam</strong></span> <span class='ocrx_word' id='word_1_208' title='bbox 330 1664 553 1714; x_wconf 81' lang='lat' dir='ltr'><strong>proximum</strong></span> <span class='ocrx_word' id='word_1_209' title='bbox 573 1674 641 1711; x_wconf 91' lang='lat' dir='ltr'><strong>est,</strong></span> <span class='ocrx_word' id='word_1_210' title='bbox 663 1667 691 1687; x_wconf 73' lang='lat'><strong>‘⁴</strong></span> <span class='ocrx_word' id='word_1_211' title='bbox 713 1665 754 1703; x_wconf 92' lang='lat' dir='ltr'><strong>Is</strong></span> <span class='ocrx_word' id='word_1_212' title='bbox 772 1665 863 1702; x_wconf 91' lang='lat' dir='ltr'><strong>ordo</strong></span> <span class='ocrx_word' id='word_1_213' title='bbox 889 1664 980 1702; x_wconf 85' lang='lat' dir='ltr'><strong>vitio</strong></span> <span class='ocrx_word' id='word_1_214' title='bbox 999 1672 1122 1702; x_wconf 89' lang='lat' dir='ltr'><strong>careto</strong></span> <span class='ocrx_word' id='word_1_215' title='bbox 1138 1677 1149 1700; x_wconf 89' lang='lat'><strong>:</strong></span> <span class='ocrx_word' id='word_1_216' title='bbox 1180 1662 1321 1701; x_wconf 87' lang='lat' dir='ltr'><strong>caeteris</strong></span> 
     </span>
     <span class='ocr_line' id='line_1_30' title="bbox 206 1716 1322 1768; baseline -0.001 -13"><span class='ocrx_word' id='word_1_217' title='bbox 206 1718 397 1768; x_wconf 86' lang='lat' dir='ltr'><strong>specimen</strong></span> <span class='ocrx_word' id='word_1_218' title='bbox 411 1719 530 1756; x_wconf 92' lang='lat' dir='ltr'><strong>esto.&#39;&#39;</strong></span> <span class='ocrx_word' id='word_1_219' title='bbox 563 1719 744 1763; x_wconf 64' lang='lat' dir='ltr'><strong>Quintam.</strong></span> <span class='ocrx_word' id='word_1_220' title='bbox 774 1718 962 1756; x_wconf 88' lang='lat' dir='ltr'><strong>Praeclara</strong></span> <span class='ocrx_word' id='word_1_221' title='bbox 979 1730 1080 1765; x_wconf 91' lang='lat' dir='ltr'><strong>vero,</strong></span> <span class='ocrx_word' id='word_1_222' title='bbox 1101 1717 1230 1764; x_wconf 89' lang='lat' dir='ltr'><strong>frater,</strong></span> <span class='ocrx_word' id='word_1_223' title='bbox 1250 1716 1322 1754; x_wconf 86' lang='lat' dir='ltr'><strong>ista</strong></span> 
     </span>
     <span class='ocr_line' id='line_1_31' title="bbox 205 1771 1321 1823; baseline -0.002 -14"><span class='ocrx_word' id='word_1_224' title='bbox 205 1772 270 1809; x_wconf 83' lang='lat' dir='ltr'><strong>lex</strong></span> <span class='ocrx_word' id='word_1_225' title='bbox 289 1778 357 1818; x_wconf 87' lang='lat' dir='ltr'><strong>est,</strong></span> <span class='ocrx_word' id='word_1_226' title='bbox 378 1778 416 1810; x_wconf 90' lang='lat' dir='ltr'><strong>et</strong></span> <span class='ocrx_word' id='word_1_227' title='bbox 432 1772 508 1810; x_wconf 89' lang='lat' dir='ltr'><strong>late</strong></span> <span class='ocrx_word' id='word_1_228' title='bbox 525 1779 644 1823; x_wconf 87' lang='lat' dir='ltr'><strong>patet,</strong></span> <span class='ocrx_word' id='word_1_229' title='bbox 657 1780 704 1810; x_wconf 90' lang='lat' dir='ltr'><strong>ut</strong></span> <span class='ocrx_word' id='word_1_230' title='bbox 717 1772 808 1810; x_wconf 89' lang='lat' dir='ltr'><strong>vitio</strong></span> <span class='ocrx_word' id='word_1_231' title='bbox 822 1779 946 1810; x_wconf 86' lang='lat' dir='ltr'><strong>careat</strong></span> <span class='ocrx_word' id='word_1_232' title='bbox 955 1771 1060 1819; x_wconf 88' lang='lat' dir='ltr'><strong>ordo,</strong></span> <span class='ocrx_word' id='word_1_233' title='bbox 1077 1779 1114 1809; x_wconf 91' lang='lat' dir='ltr'><strong>et</strong></span> <span class='ocrx_word' id='word_1_234' title='bbox 1129 1782 1321 1809; x_wconf 88' lang='lat' dir='ltr'><strong>censorem</strong></span> 
     </span>
     <span class='ocr_line' id='line_1_32' title="bbox 205 1825 1322 1878; baseline -0.001 -15"><span class='ocrx_word' id='word_1_235' title='bbox 205 1832 353 1877; x_wconf 87' lang='lat' dir='ltr'><strong>quaerat</strong></span> <span class='ocrx_word' id='word_1_236' title='bbox 369 1825 627 1878; x_wconf 84' lang='lat' dir='ltr'><strong>interpretem.</strong></span> <span class='ocrx_word' id='word_1_237' title='bbox 666 1826 837 1864; x_wconf 66' lang='lat' dir='ltr'><strong>Atticus.</strong></span> <span class='ocrx_word' id='word_1_238' title='bbox 878 1826 953 1864; x_wconf 84' lang='lat' dir='ltr'><strong>Ine</strong></span> <span class='ocrx_word' id='word_1_239' title='bbox 970 1838 1072 1873; x_wconf 87' lang='lat' dir='ltr'><strong>vero,</strong></span> <span class='ocrx_word' id='word_1_240' title='bbox 1093 1825 1163 1863; x_wconf 87' lang='lat' dir='ltr'><strong>etsi</strong></span> <span class='ocrx_word' id='word_1_241' title='bbox 1185 1831 1241 1864; x_wconf 82' lang='lat' dir='ltr'><strong>est</strong></span> <span class='ocrx_word' id='word_1_242' title='bbox 1264 1831 1322 1862; x_wconf 89' lang='lat' dir='ltr'><strong>to-</strong></span> 
     </span>
     <span class='ocr_line' id='line_1_33' title="bbox 205 1879 1322 1932; baseline -0.001 -15"><span class='ocrx_word' id='word_1_243' title='bbox 205 1886 268 1918; x_wconf 90' lang='lat' dir='ltr'><strong>tus</strong></span> <span class='ocrx_word' id='word_1_244' title='bbox 280 1888 369 1918; x_wconf 82' lang='lat' dir='ltr'><strong>tuus</strong></span> <span class='ocrx_word' id='word_1_245' title='bbox 383 1880 488 1928; x_wconf 91' lang='lat' dir='ltr'><strong>ordo,</strong></span> <span class='ocrx_word' id='word_1_246' title='bbox 505 1880 835 1932; x_wconf 85' lang='lat' dir='ltr'><strong>gratissimamque</strong></span> <span class='ocrx_word' id='word_1_247' title='bbox 848 1879 1074 1918; x_wconf 89' lang='lat' dir='ltr'><strong>memoriam</strong></span> <span class='ocrx_word' id='word_1_248' title='bbox 1087 1880 1222 1918; x_wconf 87' lang='lat' dir='ltr'><strong>retinet</strong></span> <span class='ocrx_word' id='word_1_249' title='bbox 1234 1890 1322 1917; x_wconf 86' lang='lat' dir='ltr'><strong>con-</strong></span> 
     </span>
     <span class='ocr_line' id='line_1_34' title="bbox 206 1933 1321 1985; baseline 0 -14"><span class='ocrx_word' id='word_1_250' title='bbox 206 1934 350 1972; x_wconf 68' lang='lat' dir='ltr'><strong>sulatus</strong></span> <span class='ocrx_word' id='word_1_251' title='bbox 375 1935 446 1982; x_wconf 90' lang='lat' dir='ltr'><strong>tui,</strong></span> <span class='ocrx_word' id='word_1_252' title='bbox 477 1948 569 1985; x_wconf 88' lang='lat' dir='ltr'><strong>pace</strong></span> <span class='ocrx_word' id='word_1_253' title='bbox 592 1935 661 1973; x_wconf 64' lang='lat' dir='ltr'><strong>tua</strong></span> <span class='ocrx_word' id='word_1_254' title='bbox 690 1935 867 1982; x_wconf 85' lang='lat' dir='ltr'><strong>dixerim,</strong></span> <span class='ocrx_word' id='word_1_255' title='bbox 886 1946 965 1972; x_wconf 91' lang='lat' dir='ltr'><strong>non</strong></span> <span class='ocrx_word' id='word_1_256' title='bbox 996 1933 1112 1972; x_wconf 89' lang='lat' dir='ltr'><strong>modo</strong></span> <span class='ocrx_word' id='word_1_257' title='bbox 1137 1945 1321 1981; x_wconf 88' lang='lat' dir='ltr'><strong>censores,</strong></span> 
     </span>
     <span class='ocr_line' id='line_1_35' title="bbox 205 1987 1106 2040; baseline 0.002 -15"><span class='ocrx_word' id='word_1_258' title='bbox 205 1988 270 2026; x_wconf 90' lang='lat' dir='ltr'><strong>sed</strong></span> <span class='ocrx_word' id='word_1_259' title='bbox 289 1988 403 2026; x_wconf 84' lang='lat' dir='ltr'><strong>etiam</strong></span> <span class='ocrx_word' id='word_1_260' title='bbox 419 1989 565 2038; x_wconf 88' lang='lat' dir='ltr'><strong>judices</strong></span> <span class='ocrx_word' id='word_1_261' title='bbox 583 2001 729 2036; x_wconf 89' lang='lat' dir='ltr'><strong>omnes,</strong></span> <span class='ocrx_word' id='word_1_262' title='bbox 749 1996 872 2040; x_wconf 89' lang='lat' dir='ltr'><strong>potest</strong></span> <span class='ocrx_word' id='word_1_263' title='bbox 889 1987 1106 2039; x_wconf 78' lang='lat' dir='ltr'><strong>defatigare.</strong></span> 
     </span>
    </p>

    <p class='ocr_par' dir='ltr' id='par_1_5' title="bbox 205 2041 1324 2257">
     <span class='ocr_line' id='line_1_36' title="bbox 259 2041 1322 2091; baseline -0.001 -11"><span class='ocrx_word' id='word_1_264' title='bbox 259 2042 386 2081; x_wconf 92' lang='lat' dir='ltr'><strong>XIII.</strong></span> <span class='ocrx_word' id='word_1_265' title='bbox 427 2044 607 2081; x_wconf 71' lang='lat' dir='ltr'><strong>Marcus.</strong></span> <span class='ocrx_word' id='word_1_266' title='bbox 650 2043 800 2082; x_wconf 86' lang='lat' dir='ltr'><strong>Omitte</strong></span> <span class='ocrx_word' id='word_1_267' title='bbox 817 2042 902 2091; x_wconf 85' lang='lat' dir='ltr'><strong>ista,</strong></span> <span class='ocrx_word' id='word_1_268' title='bbox 922 2042 1064 2081; x_wconf 90' lang='lat' dir='ltr'><strong>Attice.</strong></span> <span class='ocrx_word' id='word_1_269' title='bbox 1105 2042 1198 2080; x_wconf 89' lang='lat' dir='ltr'><strong>Non</strong></span> <span class='ocrx_word' id='word_1_270' title='bbox 1218 2041 1322 2080; x_wconf 89' lang='lat' dir='ltr'><strong>enim</strong></span> 
     </span>
     <span class='ocr_line' id='line_1_37' title="bbox 206 2095 1319 2149; baseline -0.002 -15"><span class='ocrx_word' id='word_1_271' title='bbox 206 2095 254 2134; x_wconf 91' lang='lat' dir='ltr'><strong>de</strong></span> <span class='ocrx_word' id='word_1_272' title='bbox 271 2096 344 2135; x_wconf 91' lang='lat' dir='ltr'><strong>hoc</strong></span> <span class='ocrx_word' id='word_1_273' title='bbox 362 2104 508 2145; x_wconf 87' lang='lat' dir='ltr'><strong>senatu,</strong></span> <span class='ocrx_word' id='word_1_274' title='bbox 529 2110 598 2136; x_wconf 87' lang='lat' dir='ltr'><strong>nec</strong></span> <span class='ocrx_word' id='word_1_275' title='bbox 616 2097 675 2136; x_wconf 92' lang='lat' dir='ltr'><strong>his</strong></span> <span class='ocrx_word' id='word_1_276' title='bbox 689 2097 736 2136; x_wconf 91' lang='lat' dir='ltr'><strong>de</strong></span> <span class='ocrx_word' id='word_1_277' title='bbox 759 2097 993 2145; x_wconf 87' lang='lat' dir='ltr'><strong>hominibus,</strong></span> <span class='ocrx_word' id='word_1_278' title='bbox 1013 2097 1081 2149; x_wconf 92' lang='lat' dir='ltr'><strong>qui</strong></span> <span class='ocrx_word' id='word_1_279' title='bbox 1094 2108 1197 2135; x_wconf 90' lang='lat' dir='ltr'><strong>nunc</strong></span> <span class='ocrx_word' id='word_1_280' title='bbox 1216 2102 1319 2142; x_wconf 86' lang='lat' dir='ltr'><strong>sunt,</strong></span> 
     </span>
     <span class='ocr_line' id='line_1_38' title="bbox 206 2149 1324 2204; baseline -0.001 -16"><span class='ocrx_word' id='word_1_281' title='bbox 206 2149 274 2188; x_wconf 83' lang='lat' dir='ltr'><strong>sed</strong></span> <span class='ocrx_word' id='word_1_282' title='bbox 291 2150 339 2189; x_wconf 89' lang='lat' dir='ltr'><strong>de</strong></span> <span class='ocrx_word' id='word_1_283' title='bbox 357 2151 510 2199; x_wconf 88' lang='lat' dir='ltr'><strong>futuris,</strong></span> <span class='ocrx_word' id='word_1_284' title='bbox 526 2152 557 2190; x_wconf 93' lang='lat' dir='ltr'><strong>si</strong></span> <span class='ocrx_word' id='word_1_285' title='bbox 575 2152 643 2204; x_wconf 89' lang='lat' dir='ltr'><strong>qui</strong></span> <span class='ocrx_word' id='word_1_286' title='bbox 661 2152 758 2191; x_wconf 89' lang='lat' dir='ltr'><strong>forte</strong></span> <span class='ocrx_word' id='word_1_287' title='bbox 783 2151 843 2190; x_wconf 86' lang='lat' dir='ltr'><strong>his</strong></span> <span class='ocrx_word' id='word_1_288' title='bbox 867 2151 1016 2203; x_wconf 89' lang='lat' dir='ltr'><strong>legibus</strong></span> <span class='ocrx_word' id='word_1_289' title='bbox 1037 2163 1168 2203; x_wconf 88' lang='lat' dir='ltr'><strong>parere</strong></span> <span class='ocrx_word' id='word_1_290' title='bbox 1194 2150 1324 2188; x_wconf 85' lang='lat' dir='ltr'><strong>volue-</strong></span> 
     </span>
     <span class='ocr_line' id='line_1_39' title="bbox 205 2203 1324 2257; baseline 0.001 -15"><span class='ocrx_word' id='word_1_291' title='bbox 205 2203 297 2254; x_wconf 83' lang='lat' dir='ltr'><strong>rint,</strong></span> <span class='ocrx_word' id='word_1_292' title='bbox 316 2205 574 2246; x_wconf 84' lang='lat' dir='ltr'><strong>haechabetur</strong></span> <span class='ocrx_word' id='word_1_293' title='bbox 591 2206 724 2246; x_wconf 81' lang='lat' dir='ltr'><strong>oratio.</strong></span> <span class='ocrx_word' id='word_1_294' title='bbox 754 2206 876 2257; x_wconf 89' lang='lat' dir='ltr'><strong>Nam,</strong></span> <span class='ocrx_word' id='word_1_295' title='bbox 898 2214 989 2246; x_wconf 77' lang='lat' dir='ltr'><strong>cuin</strong></span> <span class='ocrx_word' id='word_1_296' title='bbox 1014 2204 1120 2244; x_wconf 89' lang='lat' dir='ltr'><strong>omni</strong></span> <span class='ocrx_word' id='word_1_297' title='bbox 1146 2204 1239 2244; x_wconf 83' lang='lat' dir='ltr'><strong>vitio</strong></span> <span class='ocrx_word' id='word_1_298' title='bbox 1262 2215 1324 2243; x_wconf 84' lang='lat' dir='ltr'><strong>ca-</strong></span> 
     </span>
    </p>
   </div>
  </div>
 </body>
</html>
