1470 2402
363 91 443 133 DE
472 92 740 144 LEGIBUS,
771 91 874 132 1113.
895 93 931 132 Ι.
961 93 1069 134 CAP.
1092 93 1160 140 1'71
1244 96 1320 135 145

189 201 258 243 sed
282 201 399 243 etiam
422 203 465 243 in
491 203 598 243 Deos
622 202 854 243 caerimoniae
871 202 1166 267 religionesque,
1182 204 1324 244 tollen-

189 264 278 296 tur·
308 272 406 311 quas
430 270 509 297 non
538 265 660 307 metu,
690 258 757 297 sed
781 258 827 297 ea
852 259 1123 309 conjunctione
1148 273 1237 312 quae
1265 267 1323 300 aet

187 311 339 352 homini
357 326 446 353 cum
466 312 573 376 Deo,
588 312 865 353 conservandas
883 321 992 365 puto.

242 367 363 407 XVI.
392 368 512 417 Quod
545 368 576 407 si
593 368 838 430 populorum
869 367 999 418 jussis,
1035 368 1066 407 si
1098 368 1320 422 principum

185 421 359 470 decretis,
389 423 422 462 si
441 423 636 462 sententiis
651 423 877 473 judicum,
862 436 952 473 Jura
971 423 1317 469 constimerentur;

182 477 251 526 jus
269 485 366 516 esset
383 477 616 526 latrocinari,
643 479 708 528 jus
739 477 967 524 adulterare,
993 479 1059 527 jus
1089 486 1320 518 testamenta

185 531 283 570 falsa
308 545 536 583 supponere,
558 532 589 571 si
614 533 696 571 haec
716 532 907 584 suffragiis
931 540 999 570 aut
1019 533 1121 571 scitis
1139 534 1319 573 multitu-

184 585 564 638 dinisprobarentur.
606 587 708 636 Quae
734 588 765 626 si
791 595 898 626 tanta
915 595 1081 640 potestas
1108 596 1163 626 est
1182 589 1320 627 stulto-

183 653 274 679 rum
300 640 496 679 sententiis
522 650 639 693 atque
662 642 792 692 jussis,
819 650 865 680 ut
889 655 1021 681 eorum
1049 642 1240 694 suffragiis
1259 657 1319 682 re-

182 706 274 734 rum
307 703 446 734 natura
478 704 673 741 vertacum
705 710 773 735 cur
802 708 881 734 non
916 697 1106 745 sanciunt,
1137 705 1196 745 ut,
1230 711 1319 750 quae

184 751 290 788 mala
313 750 603 802 perniciosaque
622 759 726 797 sunt,
747 751 962 790 habeantur
980 765 1050 803 pro
1068 751 1179 790 bonis
1197 765 1241 791 ac
1259 766 1320 791 sa-

184 804 404 844 lutaribus?
435 814 502 843 aut
533 818 614 850 cur,
643 817 733 843 cum
755 806 820 854 jus
849 818 897 843 ex
929 806 1073 855 injuria
1101 807 1165 844 lex
1195 807 1319 846 facere

184 860 319 911 possit,
349 861 498 898 bonum
524 859 658 898 eadem
687 859 812 898 facere
841 871 920 898 non
950 860 1070 911 possit
1100 873 1147 899 ex
1180 861 1315 902 malo?

183 915 314 966 Atqui
332 927 401 953 nos
419 915 545 966 legem
565 915 708 953 bonam
727 927 750 952 a
769 914 888 961 malit,
913 914 1024 952 nulla
1049 915 1125 953 alia
1151 915 1224 954 nisi
1249 929 1318 955 na-

183 975 281 1007 turae
306 969 457 1017 norma,
485 968 654 1007 dividere
678 981 894 1020 possumus.
933 969 1018 1007 Nec
1044 969 1170 1008 solum
1187 971 1254 1019 jus
1280 979 1318 1010 et

182 1023 327 1073 injuria
345 1037 368 1062 a
387 1024 526 1062 natura
545 1023 820 1073 dijudicantur,
842 1022 908 1061 sed
923 1023 1081 1062 omnino
1101 1024 1233 1063 omnia
1245 1025 1316 1064 ho-

182 1086 292 1117 nesta
310 1091 354 1117 ac
372 1078 512 1131 turpia.
555 1079 662 1117 Nam
682 1086 719 1116 et
737 1077 955 1116 communis
974 1078 1229 1140 intelligentia
1247 1092 1317 1118 no-

182 1133 242 1172 bis
260 1141 369 1173 notas
384 1146 442 1172 res
458 1133 596 1179 efficit3
620 1146 760 1185 easque
775 1133 815 1170 in
835 1132 975 1170 animis
989 1134 1127 1171 nostris
1145 1133 1314 1185 inchoat,

180 1194 227 1226 ut
244 1188 433 1227 honesta
423 1202 463 1227 m
484 1189 625 1227 virtute
643 1195 851 1240 ponantur,
872 1187 913 1224 in
933 1187 1034 1226 vitiis
1054 1189 1194 1250 turpia.

238 1243 336 1282 Haec
355 1251 485 1282 autem
505 1243 546 1282 in
567 1243 747 1298 opinione
766 1241 999 1289 existimare,
1020 1255 1097 1281 non
1116 1243 1156 1281 in
1177 1243 1318 1283 natura

180 1298 320 1350 posita,
341 1298 529 1337 dementis
550 1306 616 1337 est.
662 1296 769 1336 Nam
789 1309 859 1335 nec
878 1297 1023 1336 arboris
1042 1310 1112 1336 nec
1131 1299 1221 1360 equi
1240 1299 1317 1337 vir-

179 1360 257 1400 tus,
279 1367 367 1405 quae
393 1353 546 1400 dicitur,
570 1353 627 1396 (in
648 1366 726 1405 quo
746 1353 946 1390 abutimur
971 1351 1145 1399 nomine)
1166 1354 1206 1392 in
1232 1354 1317 1406 opi-

181 1408 296 1447 nione
311 1408 383 1447 sita
397 1416 467 1454 est,
489 1408 555 1447 sed
573 1409 614 1446 in
634 1407 785 1446 natura.
815 1407 935 1455 Quod
954 1407 985 1445 si
999 1407 1053 1445 ita
1068 1416 1137 1455 est,
1157 1408 1316 1448 honesta

181 1475 338 1515 quoque
356 1470 394 1502 et
412 1463 541 1515 turpia
566 1463 705 1501 natm-31⁴
731 1461 979 1512 dijudicanda
1005 1469 1106 1500 sunt.
1150 1463 1257 1501 Nam
1284 1464 1316 1502 si

181 1518 361 1570 opinione
391 1518 570 1556 universa
600 1517 734 1565 virtus,
767 1516 901 1555 eadem
931 1517 1014 1567 ejus
1042 1517 1158 1555 etiam
1189 1526 1315 1569 partes

181 1573 447 1623 probarentur.
488 1572 590 1621 Quis
616 1572 736 1624 igitur
761 1571 1007 1624 prudentem,
1034 1579 1072 1610 et
1091 1575 1154 1614 (ut
1177 1572 1231 1610 ita
1256 1573 1316 1611 di-

182 1636 286 1674 cam)
313 1634 458 1674 catum,
479 1639 557 1666 non
577 1640 623 1665 ex
645 1627 765 1679 ipsius
789 1626 940 1674 habitu,
966 1624 1031 1664 sed
1057 1639 1105 1664 ex
1125 1627 1256 1678 aliqua
1274 1641 1316 1666 re

182 1682 357 1731 externa,
384 1681 531 1732 judicet
547 1684 565 1720 ?
595 1681 669 1720 Est
697 1682 802 1720 enim
833 1682 956 1720 virtus
987 1681 1156 1732 perfecta
1187 1682 1284 1720 ratio
1300 1696 1313 1720 ε

180 1736 287 1788 quod
320 1743 420 1776 certe
451 1736 493 1775 in
525 1736 666 1775 natura
699 1744 782 1775 est:
822 1735 943 1788 igitur
979 1735 1105 1774 omnis
1137 1735 1315 1776 honestas

181 1790 316 1829 eodem
335 1791 463 1830 modo.

235 1845 381 1885 XVII.
412 1846 536 1894 Nam,
560 1852 605 1884 ut
623 1859 714 1885 vera
735 1853 773 1884 et
791 1844 901 1895 falsa,
922 1851 968 1883 ut
986 1845 1259 1897 consequentia
1277 1854 1316 1886 et

179 1901 384 1949 contraria,
415 1901 486 1939 sua
517 1907 666 1953 sponte,
701 1912 779 1938 non
810 1899 952 1947 aliena,
981 1899 1230 1950 judicantur;
1262 1901 1316 1940 sic

178 1962 356 1995 constans
375 1963 413 1995 et
431 1963 618 2008 perpetua
631 1955 728 1994 ratio
747 1955 849 2003 vitae,
866 1967 954 2007 quae
972 1962 1030 1994 est
1047 1954 1181 2004 vii-tm,
1201 1955 1316 1994 item-

179 2024 257 2063 que
275 2011 545 2058 inconstantia,
566 2010 672 2063 quod
691 2018 747 2049 oet
765 2009 1010 2058 vitium‚‘su3
1024 2010 1163 2048 natura
1175 2012 1315 2062 proba-

178 2072 255 2104 tur.
287 2064 395 2116 [Nos
419 2066 575 2117 ingenia
597 2067 789 2116 juvenum
819 2077 898 2103 non
922 2063 1017 2103 item
1048 2064 1097 2102 ad
1129 2065 1311 2116 ingenia3

178 2128 328 2160 naturae
351 2121 511 2160 virtutes
538 2129 576 2159 et
594 2120 702 2167 vitia,
722 2133 811 2172 quae
837 2119 1028 2158 exsistunt
1053 2120 1103 2158 ab
1131 2119 1311 2171 ingeniis,

174 2175 504 2229 judicabuntur?]
535 2188 585 2214 an
604 2188 649 2214 ea
673 2187 751 2214 non
770 2174 912 2213 aliter?
939 2174 1101 2213 honesta
1118 2181 1156 2212 et
1184 2174 1313 2226 turpia

177 2241 257 2269 non
269 2230 320 2268 ad
338 2237 518 2269 naturam
533 2230 664 2269 referri
683 2242 834 2271 necesse
852 2229 948 2270 erit.
936 2231 955 2258 ⁹
985 2228 1107 2279 Quod
1117 2228 1313 2269 laudabile

236 2284 416 2330 (Philos-
421 2290 446 2337 )
463 2297 492 2324 v
497 2296 650 2325 oL.1v.
954 2295 982 2324 o
