1470 2402
179 118 206 157 6
290 116 369 157 DE
398 115 824 166 DIVINATIONE
852 116 958 156 ιω..
977 97 1012 155 1.
1034 116 1140 157 cru».
1157 117 1196 153 8.

181 227 230 266 tis
254 227 370 279 longo
395 234 566 279 tempore
591 226 944 279 significationibus,
973 232 1060 264 tum
1090 224 1223 276 aliquo
1249 223 1312 261 in-

181 281 324 321 stinctu
342 282 558 334 inflatuque
575 281 719 328 divino,
739 281 871 319 futura
888 278 1134 333 praenuntiat.

237 336 339 375 VII.
368 336 500 385 Quare
524 336 675 374 omittat
701 348 837 397 urgere
862 334 1078 375 Carneades
1104 331 1228 384 (quod
1252 330 1312 370 fa·

183 390 307 429 ciebat
320 390 435 429 etiam
444 390 671 437 Panaetius),
680 390 890 441 requirens,
906 389 935 428 J
937 397 1112 440 upiteme
1126 386 1311 425 cornicem

184 458 209 483 a
225 444 338 493 laeva,
358 457 515 483 corvum
533 457 557 482 a
574 443 724 492 dextra,
738 456 871 482 canere
886 443 1069 494 jussisset„
1100 441 1317 481 Observata

187 506 278 537 sunt
295 499 378 537 haec
393 505 563 550 tempore
576 498 779 547 immenso,
797 506 834 536 et
851 498 893 535 in
913 496 1187 549 significatione
1202 507 1316 534 even-

190 555 252 591 tus
279 552 543 591 animadversa
567 560 605 591 et
631 560 773 591 notata.
815 552 929 590 Nihil
944 530 1011 590 ²:est
1035 558 1181 597 autem,
1212 549 1318 601 quod

134 639 138 642 .
187 607 448 659 longinquitas
480 614 715 658 temporum,
748 606 961 658 excipiente
991 605 1194 652 11131110113,
1227 617 1318 656 pro-

188 661 401 723 dendisque
431 661 696 708 monimentis,
730 660 877 699 efficere
908 668 1025 712 atque
1056 659 1207 711 assequi
1240 670 1317 697 non

188 715 318 768 possit.
353 714 494 753 Mirari
511 715 613 764 licet,
634 728 722 767 quae
741 715 819 753 sint
836 714 1102 753 animadversa
1119 726 1142 752 a
1160 712 1318 751 medicis

189 770 396 809 herbarum
421 781 573 820 genera,
602 783 690 821 quae
714 769 902 815 radicum,
930 768 979 806 ad
1004 781 1155 807 morsus
1178 767 1318 806 bestia-

189 837 294 872 rum,
314 823 363 861 ad
382 823 581 862 oculorum
595 824 762 871 morbos,
783 823 832 861 ad
846 823 1030 861 vulnera.
1052 834 1218 874 quorum
1237 821 1317 860 vim

190 885 305 930 atque
324 886 502 916 naturam
529 878 624 916 ratio
649 890 851 929 nunquam
878 876 1107 930 explicavit,
1136 876 1318 924 utilitate,

191 941 229 971 et
247 945 307 970 ars
322 941 378 971 est
396 940 433 970 et
452 932 626 970 inventor
640 934 835 984 probatus.
865 932 969 984 Age,
985 944 1042 978 ea,
1059 944 1161 983 quae,
1181 943 1320 983 quam-

192 999 312 1038 quam
331 1000 379 1025 ex
397 986 472 1025 alio
491 999 628 1038 genere
642 994 745 1034 sunt,
767 995 897 1026 tamen
916 985 1144 1025 divinationi
1161 993 1252 1025 sunt
1269 985 1320 1024 si·

191 1041 356 1090 miliora,
378 1040 588 1080 videamus.

248 1118 278 1139 ‘⁶
297 1116 434 1169 Atque
452 1117 566 1156 etiam
585 1125 717 1156 ventos
736 1113 1005 1170 praemonstrat¹
1018 1129 1118 1169 saepe
1134 1115 1287 1156 futuros

249 1171 438 1210 Inflatum
456 1184 576 1220 mare,
598 1184 687 1210 cum
706 1172 833 1211 subito
851 1172 1082 1225 penitusque
1100 1171 1293 1219 tumescit,

250 1225 430 1278 Saxaque
449 1238 556 1274 cana,
578 1227 665 1265 salis
685 1227 796 1265 niveo
815 1233 994 1279 spumata
1010 1226 1173 1279 liquore,

250 1280 463 1319 Tristificas
482 1288 625 1319 certant
646 1281 832 1333 Neptuno
850 1281 1006 1320 reddere
1024 1293 1132 1320 voces
1145 1295 1157 1319 =

248 1334 338 1373 Aut
356 1334 495 1373 densus
514 1335 650 1374 stridor
668 1349 773 1384 cum,
794 1336 893 1375 celso
911 1349 933 1375 e
950 1335 1088 1374 vertice
1105 1334 1249 1374 montis

250 1387 387 1439 Ortus,
407 1389 623 1442 adaugescit
641 1391 886 1443 scopulorum
905 1403 1005 1443 πρε
1025 1388 1268 1443 [repulsu.”]

250 1476 377 1517 VIII.
405 1479 540 1531 Atque
565 1479 624 1518 his
649 1492 778 1518 rerum
803 1479 1122 1532 prmsiom'bus
1160 1480 1190 1502 “
1221 1477 1318 1518 Pro-

196 1532 395 1584 gnostica''
415 1541 482 1571 tua
499 1533 637 1573 referta
655 1543 756 1573 sunt.
786 1533 887 1582 Quis
905 1533 1023 1585 igitur
1041 1533 1174 1571 elicere
1192 1545 1324 1573 causas

197 1587 497 1638 praesensionum
522 1591 675 1639 potest?
705 1588 774 1627 etsi
799 1588 909 1627 video
927 1587 1125 1626 Boe‘thum
1148 1588 1321 1627 Stoicum

199 1653 279 1679 oese
304 1650 510 1688 conatum;
538 1643 605 1694 qui
631 1643 815 1682 hactenus
839 1641 987 1704 aliquid
1007 1641 1097 1693 egit,
1118 1649 1162 1680 ut
1188 1654 1320 1680 earum

199 1694 386 1734 rationem
405 1708 534 1734 rerum
552 1697 771 1748 explicaret,
797 1710 886 1749 quae
909 1697 950 1734 in
976 1696 1074 1735 mari
1099 1696 1238 1735 ooelove
1256 1696 1323 1735 fie-

199 1757 307 1843 1311ιὲ
337 1749 415 1789 1113
439 1763 528 1790 vero
553 1763 620 1790 cur
644 1752 834 1800 eveniant,
861 1751 948 1804 quis
972 1750 1220 1804 probabiliter
1236 1750 1324 1790 dix·

199 1815 255 1842 en

257 1916 287 1939 “
302 1915 412 1955 Cana
427 1915 529 1955 fulix
546 1915 694 1964 itidem,
714 1916 865 1968 fugiens
883 1929 905 1955 e
920 1916 1074 1968 gurgite
1091 1915 1214 1967 ponti,

257 1969 428 2009 Nuntiat
445 1969 643 2009 horribiles
661 1971 830 2009 clamans
848 1971 989 2009 instare
1007 1969 1206 2022 procellas,

256 2023 379 2063 Haud
396 2024 565 2064 modicos
582 2025 746 2064 tremulo
764 2025 930 2064 fundens
947 2037 969 2064 e
985 2031 1142 2076 gutture
1159 2030 1305 2063 canms.

258 2078 370 2130 Saepe
387 2079 502 2118 etiam
521 2079 693 2131 pertriste
711 2079 812 2118 oenit
827 2079 875 2118 de
891 2086 1042 2132 pectore
1059 2089 1227 2127 carmen,

257 2131 314 2171 Et
330 2133 528 2172 matutinis
547 2133 724 2172 acredula
741 2134 896 2173 vocibus
913 2134 1052 2180 instat;

260 2186 431 2228 Vocibus
448 2187 578 2239 instat,
599 2196 635 2228 et
653 2187 823 2228 assiduas
837 2188 930 2239 jacit
947 2201 1012 2228 ore
1028 2186 1213 2241 quei-elna,
