1470 2402
291 105 369 146 DE
399 105 663 154 OFFICIIS,
685 104 785 144 LIB.
808 104 889 144 ΙΙΙ.
912 104 1018 144 ΟΑΡ.
1040 104 1104 142 22.
1179 100 1259 139 319

134 214 301 253 conditio
323 216 385 264 sit,
413 222 471 263 ut,
498 215 566 268 qui
593 215 701 253 illam
729 214 923 266 eripuerit,
952 214 991 251 in
1018 209 1192 251 maxima
1220 216 1258 247 et

134 269 258 319 gratia
276 269 430 308 futurus
448 270 497 308 sit
516 277 553 308 et
571 270 693 321 gloria
710 272 728 308 Ρ
769 268 888 318 Quod
907 269 938 307 si
956 268 1038 306 haec
1051 265 1162 305 utilia
1180 276 1258 301 non

135 331 239 371 sunt,
261 338 349 376 quae
366 325 536 362 maxime
555 324 745 372 videntur,
767 324 860 376 quia
888 323 1002 375 plena
1030 327 1119 359 sunt
1145 318 1259 356 dede-

134 377 232 416 coris
261 392 306 417 ac
335 378 609 430 turpitudinis;
642 379 731 417 satis
759 390 986 430 persuasum
1019 389 1097 414 esse
1129 374 1256 420 debet,

134 431 234 470 nihil
249 446 327 471 esse
341 433 449 481 utile,
471 433 576 484 quod
590 445 666 470 non
682 433 784 471 idem
803 433 1007 471 honestum
1023 430 1082 468 sit„
1191 482 1198 488 .

188 486 334 524 XXII.
364 487 617 539 Quamquam
643 487 683 524 id
709 487 880 539 quidem,
909 499 998 524 cum
1025 496 1124 535 saepe
1151 482 1259 527 alias,

136 547 222 578 tum
238 541 378 592 Pyrrhi
390 542 492 580 bello
511 555 533 579 a
552 541 597 579 C.
620 541 809 589 Fabricio,
831 540 985 579 consule
1003 539 1158 583 iterum,
1179 543 1217 574 et
1236 549 1259 573 a

135 601 269 633 senatu
288 603 432 642 nostro,
450 595 667 645 judicatum
687 604 754 634 est.
803 596 906 634 Cum
932 595 1036 633 enim
1062 605 1130 630 rex
1158 591 1257 642 Pyr-

134 648 227 687 rhus
245 650 390 701 populo
419 651 600 688 Romano
618 651 766 688 bellum
792 647 894 688 ultro
920 648 1122 693 intulisset,
1150 657 1259 684 cum-

137 716 213 755 que
232 704 279 742 de
298 704 459 756 imperio
487 712 678 743 certamen
697 712 793 743 esset
811 717 900 743 cum
915 716 1003 755 rege
1021 713 1201 753 generoso
1217 712 1261 760 ac

136 764 316 809 potente;
346 758 508 811 perfuga
526 760 575 797 ab
595 772 638 797 eo
658 760 760 798 venit
783 759 823 796 in
850 766 971 797 castra
997 755 1177 800 Fabricii,
1208 766 1260 792 el-

136 825 212 863 que
231 820 286 851 est
304 813 510 865 pollicitus,
532 813 563 851 si
581 814 785 865 praemium
811 813 883 851 sibi
907 810 1175 864 proposuisset,
1204 821 1257 853 se,

135 873 180 904 ut
206 866 306 905 clam
336 868 511 915 venisset,
539 867 591 906 sic
616 868 715 906 clam
740 869 781 906 in
807 867 948 919 Pyrrhi
973 874 1093 904 castra
1115 863 1259 925 reditu-

136 933 239 967 rum,
271 929 308 960 et
335 935 425 960 eum
450 935 596 961 veneno
621 930 858 961 necaturum.
915 922 1036 960 Hunc
1061 920 1260 957 Fabnclus

134 975 394 1014 reducendum
410 976 555 1015 curavit
566 976 615 1014 ad
629 977 824 1028 Pyrrhum
839 991 849 1014 ε
879 976 996 1028 idque
1015 975 1161 1013 facturn
1177 973 1259 1033 ejus

134 1043 158 1067 a
177 1037 310 1068 senatu
328 1030 530 1069 laudatum
557 1038 623 1069 est.
671 1031 813 1084 Atqui,
838 1031 869 1069 si
895 1030 1057 1082 speciem
1083 1028 1259 1066 utilitatls

134 1084 432 1137 opinionemque
449 1085 673 1137 quaerimus,
694 1098 881 1137 magnum
893 1084 991 1122 illud
1011 1083 1157 1122 bellum
1172 1095 1259 1133 per-

133 1138 227 1189 fuga
246 1152 361 1187 unus,
382 1147 419 1177 et
437 1152 590 1190 gravem
613 1140 872 1178 adversarium
897 1138 1062 1191 imperii,
1083 1136 1259 1175 sustulis-

133 1199 189 1231 set
205 1207 215 1231 τ
247 1193 312 1231 sed
326 1206 515 1244 magnum
533 1194 696 1233 dedecus
716 1202 751 1233 et
771 1194 976 1246 flagitium,
991 1194 1150 1245 quicum
1170 1191 1256 1228 lau-

131 1247 191 1286 dis
216 1256 407 1286 certamen
434 1247 583 1297 fuisset,
611 1262 701 1288 eum
727 1262 804 1288 non
832 1250 986 1298 virtute,
1014 1247 1079 1286 sed
1104 1246 1255 1293 scelere,

135 1310 370 1353 superatum.

189 1357 333 1396 Utrum
352 1357 470 1409 igitur
489 1358 622 1398 utilius
641 1360 701 1398 vel
722 1360 911 1409 Fabricio,
933 1359 1002 1412 qui
1020 1357 1106 1396 talis
1125 1357 1165 1394 in
1183 1356 1257 1394 hac

132 1413 241 1459 urbe,
263 1412 387 1463 qualis
405 1412 595 1451 Aristides
613 1414 781 1453 Athenis
799 1414 888 1460 fuit,
922 1415 983 1452 vel
1003 1412 1149 1467 senatui
1168 1423 1255 1448 nos-

130 1472 203 1512 tro,
232 1466 301 1518 qui
330 1479 532 1517 nunquam
565 1468 772 1507 utilitatem
805 1483 828 1507 a
856 1469 1041 1520 dignitate
1071 1467 1255 1516 sejunxit,

131 1519 247 1558 armis
284 1533 373 1558 cum
409 1521 517 1559 hoste
546 1530 701 1570 certare,
735 1536 785 1561 an
818 1523 1004 1562 venenis?
1052 1521 1094 1560 Si
1125 1521 1257 1572 gloriae

130 1574 246 1612 causa
275 1574 480 1626 imperium
514 1577 772 1627 expetendum
809 1585 878 1626 est,
917 1578 1037 1616 scelus
1067 1577 1178 1621 absit,
1215 1576 1256 1613 in

129 1642 208 1680 quo
235 1641 312 1666 non
350 1636 474 1680 potest
510 1643 588 1668 esse
619 1632 763 1682 gloria:
806 1632 864 1670 sin
896 1632 989 1684 ipsae
1018 1644 1108 1682 opes
1141 1644 1256 1682 expe-

130 1690 266 1721 tuntur
285 1696 441 1735 quoquo
459 1684 588 1731 modo,
619 1697 695 1723 non
721 1693 902 1737 poterunt
926 1685 1038 1724 utiles
1063 1697 1141 1723 esse
1164 1698 1255 1725 cum

129 1737 303 1776 infamia„
362 1738 456 1776 Non
493 1739 611 1789 igitur
647 1739 752 1778 utilis
785 1740 852 1778 illa
887 1740 935 1778 L.
974 1739 1160 1791 Philippi,
1199 1741 1252 1788 Q.

131 1791 176 1829 F.
202 1791 411 1831 sententia:
443 1806 539 1844 quas
569 1793 737 1833 civitates
770 1795 818 1833 L.
851 1795 974 1844 Sulla,
1005 1794 1169 1846 pecunia
1193 1809 1256 1841 ac-

128 1845 251 1898 cepta,
283 1860 331 1884 ex
368 1848 693 1887 senatusconsulto
724 1849 972 1897 liberavisset,
1006 1856 1051 1887 ut
1079 1849 1141 1888 hae
1170 1864 1255 1888 rur-

128 1914 193 1939 sus
225 1901 426 1952 vectigales
456 1908 606 1948 essent;
643 1915 768 1955 neque
795 1904 856 1942 his
884 1904 1103 1956 pecuniam,
1134 1919 1256 1956 quam

128 1968 198 2007 pro
225 1955 400 1994 libertate
424 1955 621 2004 dederant,
648 1958 903 1997 redderemus.
947 1959 1020 1998 Est
1038 1959 1074 1997 ei
1101 1960 1255 2007 senatus

126 2022 328 2049 assensus:
370 2017 482 2062 turpe
513 2011 702 2062 imperio;
743 2013 956 2064 piratarum
987 2013 1090 2052 enim
1119 2015 1257 2054 melior

128 2063 235 2113 fides,
257 2077 376 2116 quam
395 2067 558 2103 senatus.
605 2067 665 2104 At
683 2075 795 2106 aucta
814 2068 1012 2120 vectigalia
1028 2083 1038 2106 z
1069 2068 1164 2107 utile
1182 2070 1256 2121 igi-

127 2125 202 2157 tur.
261 2120 477 2171 Quousque
507 2119 705 2159 audebunt
737 2122 860 2161 dicere
895 2123 1110 2175 quidquam
1144 2124 1252 2172 utile,

128 2173 234 2224 quod
263 2186 341 2211 non
376 2174 581 2213 honestum
595 2175 614 2212 ’ἓ
663 2176 793 2215 Potest
820 2185 948 2216 autem
978 2178 1049 2216 ulli
1076 2178 1252 2230 imperio,

130 2227 235 2279 quod
264 2228 385 2280 gloria
413 2227 558 2268 fultum
588 2242 666 2269 esse
694 2231 819 2279 debet,
842 2240 877 2272 et
906 2232 1167 2274 benevolentia
1195 2247 1254 2273 so-
