1470 2402
142 103 224 141 252
309 101 391 140 DE
421 101 684 152 omme,
715 101 816 141 121⁸.
838 75 873 141 1.
904 102 1011 143 cst.
1031 103 1097 142 43.

128 248 131 250 ,
195 210 362 250 XLIII.
392 211 483 261 Sed,
503 212 551 250 ab
573 211 620 250 iis
638 211 811 264 partibus
828 225 918 264 quae
935 219 1027 251 sunt
1041 211 1264 274 honestatis,

142 265 472 317 quemadmodum
502 265 626 305 officia
657 266 899 327 ducerentur,
928 267 1019 305 satis
1046 266 1265 319 expositum

141 319 303 358 videtur.
343 319 494 359 Eorum
513 328 644 359 autem
663 320 849 372 ipsorum,
870 334 957 373 quae
980 320 1142 360 honesta
1158 328 1262 371 sunt,

139 382 264 426 potest
281 374 447 413 incidere
465 387 563 426 saepe
585 375 804 421 contenti03
834 375 882 413 de
906 375 1058 414 duobus
1081 374 1264 425 honestis,

129 436 274 466 -utrum
297 428 518 467 honestius:
559 429 627 481 qui
653 428 760 468 locus
783 443 808 467 a
832 429 1005 468 Panaetio
1029 436 1086 468 est
1108 436 1266 481 praeter-

138 483 289 521 missus.
320 483 442 531 Nam,
463 496 553 522 cum
572 483 697 522 omnis
715 484 892 522 honestas
909 490 1041 522 manet
1054 496 1078 522 a
1090 483 1264 535 partibus

128 544 320 588 quatuor,
340 550 505 589 quarum
525 550 604 575 una
622 537 670 575 sit
694 537 933 589 cognitionis,
953 538 1072 576 altera
1089 550 1265 576 commu-

134 591 283 639 nitatis,
303 592 415 630 tertia
438 592 780 643 magnanimitatis,
805 601 942 643 quarta
964 591 1262 639 moderationis3

136 644 214 694 hae,
233 645 274 683 in
293 645 494 698 deligendo
517 645 654 695 officio,
675 659 775 698 saepe
797 646 897 685 inter
922 659 962 685 se
979 653 1263 699 comparentur,

138 711 289 738 necesse
308 708 376 739 est.

193 754 326 792 Placet
350 754 482 806 igitur,
510 754 656 807 aptiora
681 769 760 795 esse
784 762 931 795 naturae
956 768 1001 794 ea
1024 754 1149 794 officia
1173 769 1261 808 quae

137 821 185 846 ex
211 810 501 858 communitate,
525 823 644 862 quam
670 823 715 849 ea
742 824 830 862 quae
855 823 903 849 ex
931 809 1161 861 cognitione,
1187 810 1262 849 du-

135 870 299 900 cantur:
343 863 462 915 idque
497 864 570 903 hoc
606 872 833 916 argumento
869 863 1087 903 confirmari
1121 871 1260 916 potest,

135 916 255 967 quod,
282 917 314 955 51
341 918 541 968 contigerit
569 932 613 957 ea
640 919 719 957 vita
744 919 919 970 sapienti,
947 926 994 956 ut
1015 918 1058 956 in
1083 918 1261 957 omnium

134 984 265 1009 rerum
293 971 538 1011 affluentibus
569 973 700 1024 copiis,
721 973 898 1024 quamvis
923 972 1068 1021 omnia,
1087 986 1177 1024 quae
1198 986 1261 1012 co-

134 1025 305 1076 gnitione
319 1026 437 1077 digna
448 1027 537 1074 sint,
551 1040 704 1065 summo
719 1028 796 1065 otio
811 1040 939 1065 secum
955 1027 1036 1078 ipse
1050 1026 1260 1066 consideret

135 1087 174 1117 et
192 1081 494 1131 contempletur,
484 1095 493 1104 ·
523 1089 667 1127 tamen,
688 1081 719 1119 si
739 1081 904 1119 solitudo
922 1088 1029 1119 tanta
1047 1081 1108 1129 sit,
1129 1088 1174 1119 ut
1190 1081 1262 1120 ho-

134 1133 282 1171 minem
300 1134 427 1173 videre
449 1147 527 1172 non
552 1135 683 1186 possit,
705 1135 864 1174 excedat
888 1148 908 1173 e
927 1134 1018 1173 vita.
1059 1135 1262 1187 Princeps-

128 1200 212 1238 que
230 1188 406 1226 omnium
421 1188 609 1226 virtutum
629 1196 683 1226 est
698 1189 766 1227 illa
779 1188 977 1240 sapientia,
994 1201 1114 1240 quam
1131 1195 1260 1238 Σοφιαν

137 1242 264 1280 Graeci
288 1250 450 1281 vocant.
480 1243 724 1294 prudentiam
750 1243 867 1289 enim,
889 1255 1007 1294 quam
1028 1242 1154 1281 Graeci
1172 1248 1260 1293 Φρο-

131 1339 134 1343 ³
136 1311 233 1339 νησιν
253 1295 400 1344 dicunt,
420 1296 537 1334 aliam
556 1297 767 1349 quamdam
789 1296 1067 1348 intellighnus3
1098 1309 1186 1348 quae
1204 1304 1260 1336 est

135 1362 265 1387 rerum
284 1350 593 1412 expetendarum
603 1350 951 1412 fugiendarumque
970 1350 1137 1389 scientia.

189 1404 267 1443 Illa
285 1412 416 1442 autem
436 1405 634 1456 sapientia,
655 1417 774 1456 quam
791 1405 1004 1457 principem
1019 1405 1115 1453 dixi,
1130 1418 1261 1443 rerum

133 1465 190 1497 est
219 1458 437 1496 divinarum
467 1468 583 1511 atque
610 1459 705 1497 hum
692 1472 871 1497 auarum
897 1458 1076 1503 scientia;
1111 1459 1152 1497 in
1180 1459 1260 1511 (1113

128 1512 350 1551 continetur
376 1512 552 1551 Deorum
574 1520 611 1551 et
634 1513 836 1552 hominum
863 1513 1120 1552 communitas
1145 1520 1183 1552 et
1201 1526 1261 1552 so-

135 1567 251 1606 cietas
279 1567 377 1605 inter
403 1567 516 1618 ipsos.
547 1567 608 1606 Ea
634 1568 665 1605 si
689 1569 862 1606 maxima
887 1575 941 1606 est
962 1571 1023 1611 (ut
1048 1575 1104 1606 est
1128 1574 1259 1616 certe),

128 1633 282 1660 necesse
307 1627 376 1668 est,
401 1621 506 1673 quod
533 1635 556 1660 a
584 1622 859 1660 communitate
885 1621 1047 1660 duoetur
1072 1621 1257 1670 officium,

133 1675 175 1713 id
193 1689 272 1714 esse
289 1675 520 1714 maximum.
549 1676 708 1714 Etenim
727 1676 892 1728 cognitio
911 1675 1259 1737 contemplatioque

132 1737 281 1768 naturae
305 1742 443 1769 manca
468 1730 637 1782 quodam
662 1730 778 1769 modo
803 1739 920 1783 atque
944 1730 1122 1768 inchoata
1143 1730 1206 1778 sit,
1227 1730 1259 1769 si

133 1784 245 1822 nulla
269 1784 367 1822 actio
394 1797 524 1823 rerum
551 1793 829 1836 consequatur:
865 1797 909 1822 ea
936 1791 1066 1823 autem
1093 1784 1192 1823 actio
1218 1784 1259 1827 in

129 1838 338 1876 hominum
357 1838 567 1877 commodis
587 1839 738 1877 tuendis
756 1839 926 1877 maxime
944 1838 1122 1877 cernitur.
1165 1838 1259 1876 Per-

133 1892 229 1930 tinet
247 1892 366 1943 igitur
383 1892 433 1930 ad
452 1894 667 1932 societatem
687 1893 835 1945 generis
852 1892 1039 1931 humani:
1069 1905 1159 1943 ergo
1176 1892 1259 1931 haec

133 1946 341 1997 cognitioni
359 1947 624 1998 anteponenda
643 1955 722 1985 oet:
753 1955 869 1999 atque
893 1946 934 1984 id
957 1946 1128 1998 optimus
1153 1946 1259 1998 quis-

128 2013 211 2051 que
229 2013 270 2038 re
288 2000 371 2051 ipsa
389 2001 567 2048 ostendit,
589 2010 626 2040 et
651 2001 809 2050 judicat„
851 2000 952 2049 Quis
978 2001 1082 2039 enim
1103 2007 1160 2038 est
1177 2008 1259 2038 tam

126 2053 297 2105 cupidus
321 2055 361 2092 in
386 2055 648 2106 perspicienda
673 2055 1010 2107 cognoscendaque
1034 2066 1162 2093 rerum
1191 2066 1261 2092 na-

131 2108 238 2154 tura,
259 2115 317 2156 ut,
338 2109 369 2146 si
395 2109 443 2157 ei,
470 2110 649 2148 tractanti
673 2108 1024 2160 contemplantique
1048 2121 1107 2146 res
1130 2108 1263 2159 cogni-

126 2161 239 2199 tione
256 2161 513 2225 dignissimas,
534 2164 660 2202 subito
685 2164 734 2202 sit
758 2163 920 2216 allatum
945 2161 1158 2213 periculum
1185 2161 1264 2200 dis-

136 2215 356 2268 crimenque
381 2218 527 2269 patriae,
549 2218 610 2257 cui
636 2213 837 2258 subvenire
855 2216 1111 2270 opitularique
1129 2216 1262 2269 possit,
