1470 2402
159 86 240 124 312
308 83 386 124 DE
415 85 679 136 OFFICIIS,
710 85 811 125 Lm.
833 86 916 125 ΙΙΙ.
947 85 1053 126 ΟΑΡ.
1073 86 1136 133 17.

158 194 278 233 nostri
293 193 449 234 Catonis
457 203 576 247 pater.
606 195 681 239 (Ut
695 195 798 234 enim
811 195 935 234 caeteri
949 207 997 234 ex
1011 194 1199 247 patribus,
1215 196 1282 246 sic,

159 249 228 300 qui
246 249 380 288 lumen
399 250 498 288 illud
515 250 733 301 progenuit,
754 263 801 288 ex
815 250 895 289 filio
914 257 970 288 ost
993 250 1283 300 nominandus.)

158 303 200 341 Is
228 303 346 354 igitur
369 304 491 354 judex
520 305 574 342 ita
601 304 891 356 pronuntiavit:
931 316 1021 343 cum
1052 304 1094 342 in
1121 317 1284 344 venum-

158 356 286 396 dando
305 372 387 397 rem
407 372 491 397 eam
512 361 654 407 scisset,
676 366 713 397 et
737 371 814 397 non
833 358 1129 411 pronuntiasset,
1149 360 1286 399 emtori

158 410 348 451 damnum
366 413 537 465 praestari
556 421 740 464 oportere.
781 414 908 465 Igitur
933 412 983 450 ad
1007 413 1125 451 fidem
1142 415 1286 453 bonam

158 466 290 505 statuit
319 468 521 519 pertinere,
551 475 689 506 notum
722 481 802 507 esse
829 467 964 507 emtori
991 466 1144 517 vitium,
1179 468 1284 521 quod

154 523 282 559 1105581
301 522 484 561 venditor.

211 575 329 623 Quod
359 577 390 615 si
421 584 520 616 recte
544 576 746 626 judicavit,
775 589 853 615 non
880 583 980 615 recte
1005 575 1283 617 frumentarius

152 627 233 676 ille,
257 643 335 669 non
361 639 461 670 recte
487 631 629 670 aedium
658 631 919 683 pestilentium
947 630 1121 669 venditor
1147 632 1280 671 tacuit.

154 683 229 722 Sed
248 685 473 735 hujusmodi
492 686 696 725 reticentiae
718 687 806 736 jure
825 685 927 724 civili
952 697 1084 724 omnes
1108 697 1281 738 compre.

152 737 271 777 hendi
289 753 366 779 non
393 749 577 792 possunt.
609 754 696 792 quae
721 747 851 779 autem
877 747 1051 791 possunt,
1078 738 1281 791 diligenter

151 798 340 833 tenentur.
367 795 428 834 M.
443 795 597 834 Marius
611 794 873 842 Gratidianus,
888 794 1127 846 propinquus
1138 802 1280 844 noster,

151 846 196 886 C·
213 849 346 901 Sergio
366 850 498 889 Oratae
517 849 739 888 vendiderat
758 848 856 888 aedes
871 862 948 897 eas,
965 861 1060 900 quas
1080 849 1129 886 ab
1144 848 1279 889 eodem

150 901 246 953 ipse,
266 904 399 955 paucis
419 912 507 943 ante
533 904 657 952 annis,
684 910 839 942 emerat.
882 903 959 941 Hae
986 902 1119 954 Sergio
1144 904 1282 943 servie-

149 957 270 996 bant:
316 959 382 997 sed
400 959 486 1005 ‚hoc
518 958 559 997 in
592 958 785 1011 mancipio
818 957 972 996 Marius
1003 969 1082 996 non
1118 956 1280 997 dixerat.

147 1010 335 1052 Adducta
354 1027 411 1053 res
430 1014 470 1051 in
487 1013 678 1062 judicium
699 1022 765 1052 est.
801 1011 963 1052 Oratam
984 1011 1157 1060 Crassus,
1180 1011 1280 1052 Gra-

148 1065 339 1106 tidianum
353 1068 580 1107 defendebat
594 1068 803 1106 Antonius.
829 1067 858 1105 J
860 1080 906 1105 us
918 1066 1078 1106 Crassus
1091 1067 1274 1117 urgebat.
1263 1081 1275 1091 ·

149 1121 253 1172 quod
279 1122 362 1160 vitii
391 1123 564 1161 venditor
590 1135 666 1161 non
693 1122 851 1160 dixisset
877 1121 1010 1183 sciens,
1037 1120 1079 1158 id
1103 1129 1276 1172 oportere

147 1176 342 1236 praestari·
375 1178 595 1230 aequitatem
614 1176 837 1214 Antonius·
869 1175 1053 1227 quoniam
1075 1174 1116 1212 id
1135 1174 1272 1214 vitium

147 1228 324 1280 ignotum
356 1232 488 1283 Sergio
518 1243 596 1269 non
626 1231 773 1277 fuisset,
808 1229 877 1282 qui
904 1229 988 1267 illas
1019 1228 1117 1267 aedes
1145 1229 1278 1268 vendi-

147 1282 276 1332 disset,
298 1285 396 1324 nihil
415 1285 531 1324 fuisse
550 1297 699 1324 necesse
718 1284 817 1330 dici;
846 1297 915 1322 1188
935 1296 1024 1322 811111
1044 1295 1123 1322 esse
1141 1282 1277 1336 decep-

147 1344 248 1387 tum,
277 1337 345 1391 qui
371 1340 424 1388 id,
453 1339 558 1392 quod
584 1347 741 1386 emerat,
769 1351 847 1391 quo
869 1340 956 1388 jure
981 1345 1091 1386 esset,
1118 1345 1273 1377 teneret.

148 1391 348 1441 Quorsum
380 1394 488 1433 haec.
479 1397 496 1422 ⁹
538 1402 582 1432 ut
614 1393 713 1432 illud
741 1392 948 1445 intelligas,
978 1404 1056 1430 non
1087 1392 1276 1444 placuisse

146 1448 358 1498 majoribus
376 1449 513 1487 nostris
532 1456 688 1487 astutos.

200 1502 344 1542 XVII.
375 1503 451 1542 Sed
476 1503 585 1541 aliter
609 1503 725 1555 18885,
746 1501 858 1541 aliter
878 1500 1110 1554 philosophi,
1131 1501 1278 1541 tollunt.

144 1556 326 1596 astutias:
354 1557 471 1625 leges,
489 1557 679 1610 quatenus
693 1569 813 1595 manu
833 1564 960 1595 tenere
977 1563 1161 1608 possunt;
1183 1555 1274 1608 phi·

143 1611 308 1663 Iosophi,
330 1613 522 1664 quatenus
540 1611 686 1650 ratione
705 1620 743 1650 et
761 1610 1026 1662 intelligentia.
1062 1609 1208 1649 Ratio
1196 1610 1270 1662 181·

143 1672 208 1704 1111·
227 1667 409 1718 postulat,
430 1679 479 1705 ne
498 1666 592 1718 quid
611 1666 802 1714 insidiose,
823 1677 871 1704 ne
893 1665 988 1717 quid
1007 1663 1199 1713 simulate,
1218 1677 1268 1704 ne

143 1721 239 1783 quid
252 1720 449 1760 fallaciter.
480 1721 653 1760 Suntne
643 1721 761 1773 igitur
774 1719 936 1768 insidiae,
952 1718 1105 1758 tendere
1118 1719 1265 1771 plagas,

143 1775 260 1813 etiam
290 1775 322 1814 si
350 1775 583 1814 excitaturus
610 1788 688 1814 non
717 1774 767 1813 sis
791 1774 904 1823 feras,
927 1786 998 1812 nec
1025 1772 1271 1824 agitaturus?

141 1829 235 1882 ipsae
253 1830 371 1878 enim,
392 1831 501 1868 nullo
525 1830 762 1881 insequente,
791 1842 890 1880 saepe
915 1827 1115 1867 incidunt.
1146 1827 1198 1867 sic
1223 1835 1271 1867 tu

141 1884 240 1923 aedes
265 1884 489 1936 proscribas,
510 1884 698 1929 tabulam,
718 1891 920 1944 tamquam
939 1883 1109 1934 plagam,
1130 1895 1265 1943 ponas,

140 1938 302 1977 domum
321 1946 475 1990 propter
494 1938 587 1976 vitia
604 1938 770 1983 vendas;
813 1937 853 1975 in
873 1949 959 1976 eam
978 1935 1146 1988 aliquis
1135 1949 1261 1976 1118111·-

139 2000 198 2030 rat
217 1992 472 2054 imprudens?
503 1993 591 2031 Hoc
610 2004 850 2045 quamquam
868 1991 994 2039 video,
1020 1998 1174 2042 propter
1195 1991 1261 2030 (18-

139 2060 233 2098 prav
235 2047 401 2085 ationem
421 2047 719 2095 consuetudinis,
734 2059 859 2099 neque
870 2059 977 2085 more
990 2053 1102 2097 turpe
1115 2044 1260 2093 haberi,

138 2113 264 2153 neque
283 2108 350 2140 aut
367 2101 452 2153 lege
467 2101 617 2148 sanciri,
637 2109 705 2140 aut
713 2101 801 2151 jure
818 2100 946 2146 civim
976 2107 1105 2138 tamen
1117 2106 1262 2139 naturae

135 2155 220 2207 lege
235 2155 423 2194 sancitum
444 2163 510 2195 851.
541 2155 707 2195 Societas
725 2155 828 2194 enim
841 2162 911 2204 est,
932 2153 1068 2206 (quod,
1084 2154 1153 2193 etsi
1167 2167 1265 2207 saepe

136 2208 283 2249 dictum
311 2217 380 2258 aet,
410 2210 616 2250 dicendum
645 2217 775 2260 tamen
807 2216 863 2260 851
898 2208 1053 2263 saepius)
1082 2208 1262 2249 latissime
