1470 2402
195 119 277 162 368
469 122 550 164 DE
577 122 878 173 AMICITIA,
907 123 1014 164 CAP.
1034 123 1074 161 2.

193 242 327 269 cerum
345 231 505 271 veniunt
522 241 609 285 post
626 241 791 273 mortem
816 231 1018 272 Africani:
1048 231 1098 269 ab
1118 229 1179 270 his
1196 243 1320 271 sermo

194 285 341 323 oritur:
372 288 574 338 respondet
598 288 769 334 Laelius3
799 289 910 337 cujus
935 293 1015 324 tota
1038 285 1247 336 disputatio
1263 293 1320 326 est

194 337 243 377 de
261 339 442 389 amicitiz'i,
463 355 582 392 quam
601 343 730 394 legens
749 350 792 381 tu
811 350 848 380 te
867 342 948 393 ipse
966 352 1177 390 cognosces.

247 393 307 431 II.
342 396 535 434 Fannius.
567 397 666 435 Sunt
690 397 777 444 ista,
805 396 928 434 Laeli:
959 405 1030 432 nec
1053 393 1157 432 enim
1182 393 1318 433 melior

194 445 253 485 vir
271 447 346 486 fuit
367 448 555 488 Africano
574 451 794 502 quisquam,
814 463 883 488 nec
902 448 1047 488 clarior.
1089 446 1165 486 Sed
1190 447 1321 486 existi,-

193 512 300 539 mare
332 502 459 549 debes,
494 505 671 542 omnium
703 505 832 544 oculos
861 505 902 542 in
929 511 967 541 te
994 515 1073 540 aese
1100 502 1316 551 conjectosx

191 567 316 594 unum
336 563 373 594 te
392 557 602 608 sapientem
622 567 659 597 et
677 559 873 611 appellant
894 564 932 596 et
955 555 1187 595 existimant.
1226 555 1317 595 Tri,

191 609 381 648 buebatur
400 611 472 650 hoc
490 612 606 651 modo
625 613 687 651 M.
705 613 868 652 Catoni:
900 611 1055 658 scimus,
1076 609 1124 647 L.
1144 609 1316 648 Atilium

188 663 294 714 apud
313 672 439 715 patres
457 674 604 705 nostros
623 668 862 719 appellatum
880 679 960 705 esse
984 664 1219 716 sapientem:
1250 664 1317 702 sed

187 723 352 769 uterque
377 719 451 758 alio
477 721 648 772 quodam
673 721 813 760 modo:
848 720 1010 766 Atilius,
1031 717 1123 770 quia
1147 717 1316 769 prudens

186 782 268 810 esse
286 772 327 810 in
351 773 439 822 jure
463 775 565 812 civili
590 777 824 827 putabatu13
856 775 967 822 Cato,
987 772 1080 825 quia
1101 772 1315 811 multarum

183 837 314 864 rerum
340 839 456 866 usum
482 828 660 868 habebat.
700 829 835 868 Multa
861 830 958 880 ejus,
986 834 1024 866 et
1048 826 1089 864 in
1117 833 1251 865 senatu
1276 833 1315 865 et

184 878 226 917 in
256 879 353 928 foro,
380 883 441 920 vel
465 883 617 934 provisa
641 883 862 936 prudenter,
888 883 949 922 vel
974 888 1059 920 acta
1083 887 1313 929 constanter,

183 933 245 971 vel
286 947 467 987 responsa
508 945 631 984 acute,
671 937 902 977 ferebantur.
944 936 1165 987 Propterea,
1203 935 1314 987 qumi

183 999 397 1038 cognomen
423 991 507 1040 jam
532 991 699 1031 habebat
726 991 766 1030 in
796 998 987 1031 senectute
1017 988 1208 1041 sapientis.
1251 988 1313 1028 Te

184 1050 315 1080 autem
343 1043 420 1082 alio
450 1045 620 1106 quodam
651 1046 768 1085 modo
799 1045 946 1093 dicunt,
980 1055 1059 1082 non
1085 1043 1212 1087 solum
1242 1055 1310 1081 na-

183 1094 270 1134 tura
302 1104 340 1135 et
368 1101 555 1147 monbus,
586 1113 721 1138 verum
752 1100 869 1139 etiam
898 1099 1024 1138 studio
1052 1104 1091 1136 et
1121 1095 1307 1144 doctrina,

181 1161 261 1188 esse
293 1152 505 1202 sapientem
521 1168 533 1199 ;
575 1166 646 1193 nec
679 1154 776 1193 sicut
808 1154 962 1205 vnguS,
996 1151 1062 1191 sed
1093 1159 1138 1189 ut
1170 1149 1309 1190 eruditi

180 1203 304 1242 solent
329 1207 523 1257 appellare
545 1208 770 1259 sapientem,
791 1208 947 1260 qualem
969 1206 1011 1244 in
1029 1204 1178 1256 reliqua
1197 1204 1307 1243 Grae-

178 1256 239 1295 ci&
275 1259 470 1298 neminem
509 1264 618 1304 (nam
655 1262 723 1314 qui
755 1269 901 1314 septem
937 1260 1194 1312 appellantur,
1228 1271 1306 1306 eos,

179 1311 248 1362 qui
280 1313 353 1351 ista
385 1315 563 1354 subtilius
593 1324 785 1368 quaerunt,
814 1316 856 1354 in
885 1327 1047 1353 numero
1076 1312 1307 1364 sapientium

178 1376 257 1404 non
271 1366 454 1416 habent);
479 1370 647 1408 Athenis
661 1383 786 1408 unum
804 1368 1033 1421 accepimus,
1054 1375 1091 1406 et
1110 1379 1200 1406 eum
1219 1367 1306 1418 qui-

176 1417 267 1457 dem
286 1421 402 1460 etiam
419 1424 618 1475 Apollinis
636 1424 790 1463 oraculo
808 1423 1133 1475 sapientissimum
1154 1421 1305 1471 judica-

177 1479 277 1512 tum.
307 1475 423 1515 Hanc
442 1491 521 1516 esse
539 1478 580 1516 in
600 1486 637 1517 te
657 1478 883 1530 sapientiam
902 1477 1137 1523 existimant,
1157 1483 1203 1513 ut
1220 1487 1304 1514 om-

177 1527 244 1566 nia
261 1535 329 1567 tua
346 1530 387 1568 in
402 1538 439 1569 te
457 1532 582 1583 posita
599 1532 730 1581 ducas,
750 1533 1018 1583 humanosque
1036 1543 1145 1569 casus
1162 1529 1304 1569 virtute

177 1580 372 1622 inferiores
390 1593 514 1636 putes.
545 1587 684 1639 Itaque
702 1600 750 1625 ex
763 1599 827 1625 me
842 1592 1034 1638 quaerunt,
1051 1583 1194 1631 (crede,
1208 1583 1302 1622 item

174 1647 224 1674 ex
239 1643 291 1685 te,
307 1638 493 1688 Scaevola)
509 1653 679 1692 quonam
692 1648 804 1693 pacto
818 1647 983 1679 mortem
996 1638 1175 1677 Africani
1187 1637 1302 1686 feras,

175 1701 297 1741 eoque
315 1694 453 1744 magis,
474 1695 592 1746 quod,
613 1695 673 1734 his
691 1694 877 1747 proximis
897 1693 1037 1742 Nonis,
1057 1705 1146 1732 cum
1158 1692 1199 1730 in
1211 1693 1302 1731 hor-

175 1749 232 1782 tos
251 1744 305 1782 D.
321 1746 437 1785 Bruti
451 1750 621 1800 auguris,
642 1748 927 1788 commentandi
947 1747 1074 1795 causei,
1090 1754 1135 1785 ut
1148 1747 1299 1796 assolet,

176 1798 426 1848 venissemus,
458 1809 502 1840 tu
521 1815 598 1841 non
617 1803 775 1851 affiiisti,
804 1803 872 1855 qui
896 1801 1184 1853 diligentissime
1201 1814 1300 1840 sem-

172 1864 242 1903 per
259 1853 374 1893 illum
393 1855 511 1904 diem,
533 1864 570 1895 et
588 1857 687 1896 illud
704 1870 862 1905 munus,
881 1856 1015 1895 solitus
1033 1868 1130 1894 ὅςας
1148 1855 1265 1894 obire.

229 1907 415 1947 Scaevola.
457 1910 650 1958 Quaerunt
682 1911 853 1963 quidem,
884 1911 930 1950 C.
951 1909 1065 1958 Laeli,
1094 1909 1224 1958 multi,
1253 1917 1299 1948 ut

172 1967 230 1998 est
256 1973 281 1999 a
308 1961 459 2002 Fannio
486 1964 658 2003 dictum:
693 1965 759 2004 sed
784 1979 854 2016 ego
879 1964 920 2003 id
941 1963 1164 2016 respondet),
1191 1963 1296 2015 quod

169 2013 438 2073 animadverti,
454 2026 492 2057 te
505 2019 690 2068 dolorem,
704 2032 822 2071 quem
834 2018 1034 2070 acceperis,
1047 2030 1137 2056 cum
1152 2017 1296 2056 summi

168 2067 255 2115 viri,
277 2075 363 2108 tum
381 2072 601 2111 amicissimi
618 2081 755 2122 morte,
774 2073 872 2112 ferre
890 2072 1084 2111 moderate
1097 2086 1109 2110 ε
1139 2083 1209 2110 nec
1225 2083 1295 2123 po-

167 2120 285 2160 tuisse
303 2135 381 2162 non
400 2127 646 2175 commoveri,
661 2140 732 2166 nec
744 2127 860 2166 fuisse
874 2126 916 2165 id
928 2125 1180 2165 humanitatis
1194 2133 1291 2164 tuaez

166 2175 271 2226 quod
285 2185 415 2218 autem
429 2180 489 2218 his
505 2181 631 2220 Nonis
645 2182 685 2220 in
700 2188 828 2220 nostro
842 2181 1000 2232 collegio
1014 2192 1091 2219 non
1106 2179 1291 2228 affuissem,

162 2229 421 2273 valetudinem
441 2247 610 2284 causam,
630 2248 708 2276 non
727 2235 963 2283 moestitiam,
983 2234 1110 2274 fixisse.
