1470 2402
225 79 302 119 DE
323 79 742 128 DIVINATIONE,
765 79 864 117 Lm.
880 79 938 118 ΙΙ.
959 79 1067 118 CAP.
1081 78 1148 116 34.
1205 77 1260 124 79

147 189 305 227 Albana
330 187 492 227 deducta
517 187 567 226 ad
593 187 797 226 utilitatem
825 187 906 238 agri
931 187 1155 234 suburbani,
1183 199 1262 225 non

149 242 198 281 ad
216 255 340 280 arcem
357 244 568 293 urbemque
586 241 833 279 retinendam.
871 246 931 279 At
949 241 1065 292 paulo
1089 248 1174 291 post
1194 254 1264 278 au-

151 297 232 334 dita
255 309 330 334 vox
355 303 411 334 est
437 296 641 343 monentis,
667 303 712 333 ut
738 294 991 346 providerent,
1018 307 1066 332 ne
1092 308 1114 331 a
1141 295 1265 332 Gallis

153 350 281 388 Roma
294 357 512 400 caperetur:
537 362 585 387 ex
604 362 647 387 eo
665 349 743 387 Aio
758 349 952 400 Loquenti
970 361 1076 386 aram
1094 348 1135 385 in
1151 348 1190 385 N
1194 349 1267 386 ova

153 403 232 441 Via
259 412 523 441 consecratam.
564 402 672 450 Quid
699 405 818 453 ergo?
847 402 950 440 Aius
974 403 1044 440 iste
1070 402 1267 452 Loquens,

155 457 310 508 quando
328 470 418 495 eum
443 470 555 495 nemo
574 460 697 503 norat,
729 457 867 502 aiebat,
895 464 932 494 et
949 456 1202 507 loquebatur;
1233 463 1271 493 et

156 523 205 548 ex
224 523 267 548 eo
285 523 425 549 nomen
443 510 610 549 invenit:
640 523 887 561 posteaquam
907 518 943 547 et
962 510 1089 547 sedem
1110 518 1146 547 et
1164 521 1270 546 aram

158 572 196 602 et
223 577 363 602 nomen
389 565 548 613 invenit,
580 565 785 602 obmutuit.
845 563 963 611 Quod
989 563 1092 601 idem
1119 563 1194 600 dici
1222 563 1271 600 de

158 617 321 656 Blonet‘a
348 626 496 669 potest;
530 632 553 656 a
581 619 672 669 qua,
702 627 956 669 praeterquam
982 617 1029 655 de
1052 630 1118 655 sue
1141 616 1271 667 plena,

159 672 254 723 quid
272 685 444 723 unquam
457 672 595 710 moniti
609 674 768 710 sumus?
794 672 892 710 Satis
906 671 1030 708 multa
1044 671 1091 708 de
1105 670 1274 708 ostentis.

214 726 423 764 XXXIII.
452 726 640 777 Auspicia
657 733 812 771 restant,
834 733 870 763 et
889 733 1004 763 sortes
1023 738 1076 762 eae
1095 738 1181 775 quae
1201 724 1274 761 du-

162 787 315 826 cuntur,
335 792 412 817 non
437 780 514 817 fflae
539 793 625 831 quae
644 779 907 817 vaticinatione
930 778 1160 826 funduntur,
1188 791 1276 828 quae

162 834 315 871 oracula
346 834 469 871 verius
497 833 686 878 dicimus;
727 833 775 870 de
807 833 946 884 quibus
975 840 1060 869 tum
1090 832 1273 879 dicemus,

163 899 252 924 cum
275 887 323 925 ad
349 887 562 925 naturalem
587 887 858 924 divinationem
877 886 1102 923 venerimus.
1143 886 1279 922 Restat

163 941 277 978 etiam
296 941 343 979 de
362 941 575 979 Chaldaeis:
607 941 671 978 sed
695 941 864 991 primum
883 939 1050 990 auspicia
1068 939 1276 976 videamus.

163 994 341 1032 Difficilis
366 995 503 1045 auguri
525 995 631 1032 locus
656 994 705 1031 ad
730 1001 858 1032 contra
883 993 1112 1031 dicendum:
1144 992 1278 1030 Marso

163 1048 332 1094 fortasse,
359 1048 424 1086 sed
449 1049 627 1086 Romano
652 1047 867 1085 facillimus.
909 1047 949 1084 N
952 1059 1001 1084 on
1025 1047 1127 1084 enim
1146 1059 1280 1084 sumus

162 1101 191 1139 ii
215 1115 283 1140 nos
309 1115 484 1152 augures,
509 1102 590 1152 qui,
618 1101 747 1139 avium
773 1101 1054 1151 reliquorumve
1085 1100 1280 1150 signorum

164 1156 436 1203 observatione,
463 1156 595 1193 futura
618 1155 811 1192 dicamus:
843 1163 879 1192 et
898 1163 1028 1192 tamen
1051 1154 1175 1200 credo,
1200 1154 1283 1191 Ro-

165 1209 333 1270 mulum,
354 1210 423 1260 qui
440 1211 574 1247 urbem
594 1209 786 1259 auspicato
805 1207 986 1256 condidit,
1006 1208 1182 1245 habuisse
1200 1207 1284 1258 opi-

166 1263 335 1318 nionem,
360 1276 438 1301 esse
462 1263 503 1300 in
526 1262 766 1322 providendis
789 1263 901 1300 rebus
927 1261 1141 1312 augurandi
1165 1261 1284 1299 scien-

165 1317 260 1354 tiam
273 1319 437 1359 (errabat
451 1316 553 1354 enim
567 1316 722 1353 multis
712 1328 753 1353 111
767 1317 880 1353 rebus
894 1315 1132 1366 antiquitas),
1164 1327 1284 1365 quam

169 1371 231 1409 vel
249 1384 322 1408 usu
338 1372 435 1419 jam,
456 1371 517 1408 vel
535 1370 719 1417 doctrina,
739 1370 800 1407 vel
818 1377 1016 1415 vetustate,
1040 1369 1286 1406 immutatam

169 1425 354 1462 videmus.
395 1424 597 1461 Retinetur
621 1432 763 1471 autem,
791 1430 828 1460 et
852 1423 900 1460 ad
925 1423 1144 1473 opinionem
1163 1422 1284 1472 vulgi,

171 1488 209 1516 et
241 1478 290 1515 ad
321 1490 480 1528 magnas
516 1477 657 1515 utilita
647 1490 697 1515 es
734 1477 964 1527 reipublicae,
1001 1488 1100 1523 mos,
1137 1476 1285 1527 religio,

169 1532 414 1582 disciplina,
401 1545 464 1580 Jus
483 1544 689 1591 augurum,
709 1530 857 1581 collegii
875 1530 1087 1568 auctoritas.

227 1585 312 1623 Nec
336 1598 424 1622 vero
448 1597 525 1622 non
551 1585 656 1622 omni
681 1585 867 1635 supplicio
889 1584 997 1634 digni
1015 1584 1061 1621 P.
1083 1581 1285 1630 Claudius,

175 1639 224 1677 L.
239 1638 398 1684 Junius,
419 1638 603 1683 consules,
625 1638 693 1689 qui
711 1646 840 1675 contra
858 1638 1024 1688 auspicia
1042 1637 1284 1686 navigarunt.

176 1692 396 1730 Parendum
415 1692 517 1729 enim
537 1692 609 1729 fuit
629 1692 827 1742 religioni,
857 1704 925 1728 nec
943 1691 1088 1741 patrius
1105 1702 1189 1727 mos
1206 1698 1288 1727 tam

174 1746 447 1783 contumaciter
471 1745 740 1795 repudiandus.
780 1745 878 1782 Jure
901 1745 1018 1795 1811111,-
1043 1744 1137 1781 alter
1155 1742 1291 1793 populi

173 1799 319 1849 judicio
346 1798 549 1836 damnatus
576 1807 656 1843 est;
692 1799 786 1836 alter
809 1806 973 1835 mortem
999 1798 1071 1835 sibi
1094 1797 1174 1848 ipse
1201 1809 1290 1834 con-

177 1853 296 1890 scivit.
327 1852 541 1889 Flaminius
559 1865 637 1890 non
655 1852 782 1902 paruit
800 1851 999 1902 auspiciis:
1029 1851 1158 1902 itaque
1179 1849 1292 1901 periit

175 1919 266 1945 cum
285 1906 463 1944 exercitu.
502 1908 574 1952 At,
596 1918 696 1943 anno
713 1913 811 1956 post,
833 1905 979 1942 Paulus
1000 1905 1139 1956 paruit.
1180 1904 1293 1941 Num

177 1960 306 1998 minus
343 1959 475 1997 cecidit
506 1959 546 1996 in
579 1958 771 1997 Cannensi
802 1959 934 2009 pugna
966 1971 1056 1997 cum
1088 1957 1254 1995 exercitu
1271 1959 1290 1995 ’ἓ

178 2013 352 2060 Etenim,
372 2021 415 2050 ut
434 2013 508 2050 sint
527 2013 694 2063 auspicia
713 2016 816 2063 (quae
830 2013 937 2049 nulla
950 2019 1070 2059 sunt),
1082 2012 1163 2048 haec
1178 2018 1291 2058 certe,

177 2068 320 2118 quibus
338 2067 498 2113 utimur,
519 2067 596 2104 sive
613 2067 794 2116 tripudio,
815 2066 892 2103 sive
910 2065 957 2103 de
971 2066 1076 2114 coelo,
1091 2065 1295 2103 simulacra

179 2130 269 2158 sunt
287 2121 556 2171 auspiciorum,
577 2119 744 2170 auspicia
761 2119 868 2157 nullo
885 2120 1012 2157 modo.

232 2174 434 2213 XXXIV.
457 2178 485 2197 ⁴⁴
499 2173 550 2222 Q.
566 2174 677 2223 Fabi,
690 2181 728 2212 te
738 2173 836 2212 mihi
846 2173 887 2211 in
898 2173 1064 2225 auspicio
1076 2184 1154 2211 esse
1165 2171 1292 2210 volo-'⁹
