<?xml version="1.0" encoding="UTF-8"?>
<!DOCTYPE html PUBLIC "-//W3C//DTD XHTML 1.0 Transitional//EN"
    "http://www.w3.org/TR/xhtml1/DTD/xhtml1-transitional.dtd">
<html xmlns="http://www.w3.org/1999/xhtml" xml:lang="en" lang="en">
 <head>
  <title>
</title>
<meta http-equiv="Content-Type" content="text/html;charset=utf-8" />
  <meta name='ocr-system' content='tesseract 3.04.00' />
  <meta name='ocr-capabilities' content='ocr_page ocr_carea ocr_par ocr_line ocrx_word'/>
</head>
<body>
  <div class='ocr_page' id='page_1' title='image "./operaern04ciceuoft_0412.png"; bbox 0 0 1470 2402; ppageno 0'>
   <div class='ocr_carea' id='block_1_1' title="bbox 236 68 1122 121">
    <p class='ocr_par' dir='ltr' id='par_1_1' title="bbox 236 68 1122 121">
     <span class='ocr_line' id='line_1_1' title="bbox 236 68 1122 121; baseline -0.001 -11"><span class='ocrx_word' id='word_1_1' title='bbox 236 72 317 112; x_wconf 84' lang='lat'><strong>398</strong></span> <span class='ocrx_word' id='word_1_2' title='bbox 498 69 577 110; x_wconf 80' lang='lat' dir='ltr'><strong>m:</strong></span> <span class='ocrx_word' id='word_1_3' title='bbox 604 68 905 121; x_wconf 83' lang='lat' dir='ltr'><strong>AM1crr1A,</strong></span> <span class='ocrx_word' id='word_1_4' title='bbox 931 68 1122 110; x_wconf 63' lang='lat' dir='ltr'><strong>cmm.</strong></span> 
     </span>
    </p>
   </div>
   <div class='ocr_carea' id='block_1_2' title="bbox 229 174 1363 2070">
    <p class='ocr_par' dir='ltr' id='par_1_2' title="bbox 233 174 1362 760">
     <span class='ocr_line' id='line_1_2' title="bbox 234 174 1359 231; baseline -0.003 -12"><span class='ocrx_word' id='word_1_5' title='bbox 234 187 303 219; x_wconf 69' lang='lat' dir='ltr'><strong>est.</strong></span> <span class='ocrx_word' id='word_1_6' title='bbox 332 179 481 231; x_wconf 83' lang='lat' dir='ltr'><strong>Atque,</strong></span> <span class='ocrx_word' id='word_1_7' title='bbox 501 186 547 218; x_wconf 89' lang='lat' dir='ltr'><strong>ut</strong></span> <span class='ocrx_word' id='word_1_8' title='bbox 564 179 615 218; x_wconf 84' lang='lat' dir='ltr'><strong>ad</strong></span> <span class='ocrx_word' id='word_1_9' title='bbox 631 192 695 218; x_wconf 93' lang='lat' dir='ltr'><strong>me</strong></span> <span class='ocrx_word' id='word_1_10' title='bbox 712 178 881 230; x_wconf 84' lang='lat' dir='ltr'><strong>redeam,</strong></span> <span class='ocrx_word' id='word_1_11' title='bbox 900 177 1143 227; x_wconf 78' lang='lat' dir='ltr'><strong>meministis,</strong></span> <span class='ocrx_word' id='word_1_12' title='bbox 1163 176 1217 226; x_wconf 87' lang='lat' dir='ltr'><strong>Q.</strong></span> <span class='ocrx_word' id='word_1_13' title='bbox 1236 174 1359 216; x_wconf 84' lang='lat' dir='ltr'><strong>Max-</strong></span> 
     </span>
     <span class='ocr_line' id='line_1_3' title="bbox 234 231 1357 286; baseline -0.003 -14"><span class='ocrx_word' id='word_1_14' title='bbox 234 234 328 281; x_wconf 86' lang='lat' dir='ltr'><strong>imo,</strong></span> <span class='ocrx_word' id='word_1_15' title='bbox 362 233 477 272; x_wconf 85' lang='lat' dir='ltr'><strong>fratre</strong></span> <span class='ocrx_word' id='word_1_16' title='bbox 514 233 715 286; x_wconf 70' lang='lat' dir='ltr'><strong>Scipionis,</strong></span> <span class='ocrx_word' id='word_1_17' title='bbox 755 240 793 273; x_wconf 87' lang='lat' dir='ltr'><strong>et</strong></span> <span class='ocrx_word' id='word_1_18' title='bbox 823 233 873 272; x_wconf 82' lang='lat' dir='ltr'><strong>L.</strong></span> <span class='ocrx_word' id='word_1_19' title='bbox 902 231 1091 271; x_wconf 85' lang='lat' dir='ltr'>Mancino</span> <span class='ocrx_word' id='word_1_20' title='bbox 1122 232 1357 280; x_wconf 82' lang='lat' dir='ltr'><strong>oonsulibus,</strong></span> 
     </span>
     <span class='ocr_line' id='line_1_4' title="bbox 236 285 1360 340; baseline -0.002 -14"><span class='ocrx_word' id='word_1_21' title='bbox 236 301 356 340; x_wconf 85' lang='lat' dir='ltr'><strong>quam</strong></span> <span class='ocrx_word' id='word_1_22' title='bbox 381 288 575 340; x_wconf 86' lang='lat' dir='ltr'><strong>popularis</strong></span> <span class='ocrx_word' id='word_1_23' title='bbox 604 288 669 326; x_wconf 83' lang='lat' dir='ltr'><strong>lex</strong></span> <span class='ocrx_word' id='word_1_24' title='bbox 693 287 741 327; x_wconf 89' lang='lat' dir='ltr'><strong>de</strong></span> <span class='ocrx_word' id='word_1_25' title='bbox 766 287 982 326; x_wconf 79' lang='lat' dir='ltr'>sacerdonis</span> <span class='ocrx_word' id='word_1_26' title='bbox 1008 288 1053 326; x_wconf 91' lang='lat' dir='ltr'><strong>C.</strong></span> <span class='ocrx_word' id='word_1_27' title='bbox 1070 285 1212 325; x_wconf 78' lang='lat' dir='ltr'><strong>Licinii</strong></span> <span class='ocrx_word' id='word_1_28' title='bbox 1230 285 1360 325; x_wconf 85' lang='lat' dir='ltr'>Crassi</span> 
     </span>
     <span class='ocr_line' id='line_1_5' title="bbox 235 340 1358 403; baseline -0.002 -23"><span class='ocrx_word' id='word_1_29' title='bbox 235 342 461 381; x_wconf 85' lang='lat' dir='ltr'><strong>videbatur:</strong></span> <span class='ocrx_word' id='word_1_30' title='bbox 484 342 673 393; x_wconf 86' lang='lat' dir='ltr'><strong>cooptatio</strong></span> <span class='ocrx_word' id='word_1_31' title='bbox 691 342 794 380; x_wconf 88' lang='lat' dir='ltr'><strong>enim</strong></span> <span class='ocrx_word' id='word_1_32' title='bbox 813 341 1061 403; x_wconf 72' lang='lat' dir='ltr'><strong>collegiorum</strong></span> <span class='ocrx_word' id='word_1_33' title='bbox 1080 340 1130 379; x_wconf 85' lang='lat' dir='ltr'><strong>ad</strong></span> <span class='ocrx_word' id='word_1_34' title='bbox 1143 340 1278 402; x_wconf 78' lang='lat' dir='ltr'><strong>populi</strong></span> <span class='ocrx_word' id='word_1_35' title='bbox 1291 342 1358 379; x_wconf 87' lang='lat' dir='ltr'><strong>be-</strong></span> 
     </span>
     <span class='ocr_line' id='line_1_6' title="bbox 234 393 1356 447; baseline -0.003 -12"><span class='ocrx_word' id='word_1_36' title='bbox 234 396 416 435; x_wconf 88' lang='lat' dir='ltr'><strong>neficium</strong></span> <span class='ocrx_word' id='word_1_37' title='bbox 434 396 743 435; x_wconf 87' lang='lat' dir='ltr'><strong>transferebatur.</strong></span> <span class='ocrx_word' id='word_1_38' title='bbox 782 395 945 447; x_wconf 85' lang='lat' dir='ltr'><strong>Atque&#39;</strong></span> <span class='ocrx_word' id='word_1_39' title='bbox 933 408 966 434; x_wconf 91' lang='grc'><strong>15</strong></span> <span class='ocrx_word' id='word_1_40' title='bbox 984 395 1156 447; x_wconf 89' lang='lat' dir='ltr'><strong>primum</strong></span> <span class='ocrx_word' id='word_1_41' title='bbox 1174 393 1356 443; x_wconf 82' lang='lat' dir='ltr'><strong>instituit,</strong></span> 
     </span>
     <span class='ocr_line' id='line_1_7' title="bbox 236 448 1361 501; baseline 0 -13"><span class='ocrx_word' id='word_1_42' title='bbox 236 450 278 488; x_wconf 92' lang='lat' dir='ltr'><strong>in</strong></span> <span class='ocrx_word' id='word_1_43' title='bbox 307 450 436 488; x_wconf 85' lang='lat' dir='ltr'><strong>forum</strong></span> <span class='ocrx_word' id='word_1_44' title='bbox 465 463 607 499; x_wconf 85' lang='lat' dir='ltr'><strong>versus,</strong></span> <span class='ocrx_word' id='word_1_45' title='bbox 639 463 750 501; x_wconf 87' lang='lat' dir='ltr'><strong>agere</strong></span> <span class='ocrx_word' id='word_1_46' title='bbox 779 462 868 489; x_wconf 88' lang='lat' dir='ltr'><strong>cum</strong></span> <span class='ocrx_word' id='word_1_47' title='bbox 896 449 1066 501; x_wconf 90' lang='lat' dir='ltr'><strong>populo·</strong></span> <span class='ocrx_word' id='word_1_48' title='bbox 1095 456 1226 488; x_wconf 86' lang='lat' dir='ltr'><strong>tamen</strong></span> <span class='ocrx_word' id='word_1_49' title='bbox 1254 448 1361 488; x_wconf 84' lang='lat' dir='ltr'><strong>illius</strong></span> 
     </span>
     <span class='ocr_line' id='line_1_8' title="bbox 236 502 1360 555; baseline -0.002 -12"><span class='ocrx_word' id='word_1_50' title='bbox 236 504 468 544; x_wconf 77' lang='lat' dir='ltr'><strong>vendibilem</strong></span> <span class='ocrx_word' id='word_1_51' title='bbox 487 504 697 543; x_wconf 89' lang='lat' dir='ltr'><strong>orationem</strong></span> <span class='ocrx_word' id='word_1_52' title='bbox 715 504 848 555; x_wconf 88' lang='grc'>1011810</span> <span class='ocrx_word' id='word_1_53' title='bbox 868 503 1044 542; x_wconf 89' lang='lat' dir='ltr'><strong>Deorum</strong></span> <span class='ocrx_word' id='word_1_54' title='bbox 1062 502 1360 551; x_wconf 78' lang='lat' dir='ltr'><strong>immortalium,</strong></span> 
     </span>
     <span class='ocr_line' id='line_1_9' title="bbox 234 557 1362 609; baseline -0.002 -12"><span class='ocrx_word' id='word_1_55' title='bbox 234 558 344 597; x_wconf 85' lang='lat' dir='ltr'><strong>nobis</strong></span> <span class='ocrx_word' id='word_1_56' title='bbox 363 558 667 605; x_wconf 86' lang='lat' dir='ltr'><strong>defendentibus,</strong></span> <span class='ocrx_word' id='word_1_57' title='bbox 687 557 798 596; x_wconf 87' lang='lat' dir='ltr'><strong>facile</strong></span> <span class='ocrx_word' id='word_1_58' title='bbox 811 557 997 597; x_wconf 79' lang='lat' dir='ltr'><strong>vincebat.</strong></span> <span class='ocrx_word' id='word_1_59' title='bbox 1025 558 1161 609; x_wconf 88' lang='lat' dir='ltr'><strong>Atque</strong></span> <span class='ocrx_word' id='word_1_60' title='bbox 1174 557 1216 595; x_wconf 91' lang='lat' dir='ltr'><strong>id</strong></span> <span class='ocrx_word' id='word_1_61' title='bbox 1229 564 1362 596; x_wconf 84' lang='lat' dir='ltr'><strong>actum</strong></span> 
     </span>
     <span class='ocr_line' id='line_1_10' title="bbox 235 611 1359 664; baseline -0.001 -13"><span class='ocrx_word' id='word_1_62' title='bbox 235 620 304 661; x_wconf 69' lang='lat' dir='ltr'><strong>est,</strong></span> <span class='ocrx_word' id='word_1_63' title='bbox 325 620 485 664; x_wconf 88' lang='lat' dir='ltr'><strong>praetore</strong></span> <span class='ocrx_word' id='word_1_64' title='bbox 502 625 579 661; x_wconf 89' lang='lat' dir='ltr'><strong>me,</strong></span> <span class='ocrx_word' id='word_1_65' title='bbox 600 611 864 664; x_wconf 87' lang='lat' dir='ltr'><strong>quinquennio</strong></span> <span class='ocrx_word' id='word_1_66' title='bbox 882 619 970 650; x_wconf 85' lang='lat' dir='ltr'><strong>ante</strong></span> <span class='ocrx_word' id='word_1_67' title='bbox 988 624 1107 664; x_wconf 90' lang='lat' dir='ltr'><strong>quam</strong></span> <span class='ocrx_word' id='word_1_68' title='bbox 1125 611 1258 650; x_wconf 78' lang='lat' dir='ltr'><strong>consul</strong></span> <span class='ocrx_word' id='word_1_69' title='bbox 1271 624 1359 650; x_wconf 91' lang='lat' dir='ltr'><strong>sum</strong></span> 
     </span>
     <span class='ocr_line' id='line_1_11' title="bbox 233 665 1360 718; baseline -0.001 -13"><span class='ocrx_word' id='word_1_70' title='bbox 233 667 369 705; x_wconf 84' lang='lat' dir='ltr'><strong>factus.</strong></span> <span class='ocrx_word' id='word_1_71' title='bbox 417 667 556 718; x_wconf 86' lang='lat' dir='ltr'><strong>Itaque</strong></span> <span class='ocrx_word' id='word_1_72' title='bbox 586 680 627 705; x_wconf 89' lang='lat' dir='ltr'><strong>re</strong></span> <span class='ocrx_word' id='word_1_73' title='bbox 654 666 792 718; x_wconf 85' lang='lat' dir='ltr'><strong>magis,</strong></span> <span class='ocrx_word' id='word_1_74' title='bbox 824 679 944 718; x_wconf 87' lang='lat' dir='ltr'><strong>quam</strong></span> <span class='ocrx_word' id='word_1_75' title='bbox 975 665 1213 716; x_wconf 74' lang='lat' dir='ltr'><strong>auctoritate,</strong></span> <span class='ocrx_word' id='word_1_76' title='bbox 1244 678 1360 705; x_wconf 74' lang='lat' dir='ltr'><strong>oeusa</strong></span> 
     </span>
     <span class='ocr_line' id='line_1_12' title="bbox 236 720 562 760; baseline -0.003 -1"><span class='ocrx_word' id='word_1_77' title='bbox 236 721 305 759; x_wconf 90' lang='lat' dir='ltr'><strong>illa</strong></span> <span class='ocrx_word' id='word_1_78' title='bbox 323 720 478 760; x_wconf 85' lang='lat' dir='ltr'><strong>defensa</strong></span> <span class='ocrx_word' id='word_1_79' title='bbox 496 727 562 759; x_wconf 88' lang='lat' dir='ltr'><strong>est.</strong></span> 
     </span>
    </p>

    <p class='ocr_par' dir='ltr' id='par_1_3' title="bbox 230 772 1363 1464">
     <span class='ocr_line' id='line_1_13' title="bbox 291 772 1359 826; baseline -0.001 -13"><span class='ocrx_word' id='word_1_80' title='bbox 291 774 455 814; x_wconf 83' lang='lat' dir='ltr'>XXVI.</span> <span class='ocrx_word' id='word_1_81' title='bbox 477 774 596 823; x_wconf 88' lang='lat' dir='ltr'><strong>Quod</strong></span> <span class='ocrx_word' id='word_1_82' title='bbox 614 773 646 813; x_wconf 87' lang='lat' dir='ltr'><strong>si</strong></span> <span class='ocrx_word' id='word_1_83' title='bbox 662 773 703 812; x_wconf 92' lang='lat' dir='ltr'><strong>in</strong></span> <span class='ocrx_word' id='word_1_84' title='bbox 722 773 834 814; x_wconf 84' lang='grc'>500113</span> <span class='ocrx_word' id='word_1_85' title='bbox 855 772 916 824; x_wconf 83' lang='grc' dir='ltr'><strong>[ἱᾶ</strong></span> <span class='ocrx_word' id='word_1_86' title='bbox 934 780 1003 823; x_wconf 66' lang='lat' dir='ltr'><strong>est,</strong></span> <span class='ocrx_word' id='word_1_87' title='bbox 1021 774 1063 812; x_wconf 92' lang='lat' dir='ltr'><strong>in</strong></span> <span class='ocrx_word' id='word_1_88' title='bbox 1081 772 1359 826; x_wconf 87' lang='lat' dir='ltr'><strong>eoncione]‚in</strong></span> 
     </span>
     <span class='ocr_line' id='line_1_14' title="bbox 234 828 1360 881; baseline -0.002 -13"><span class='ocrx_word' id='word_1_89' title='bbox 234 829 314 881; x_wconf 71' lang='lat' dir='ltr'><strong>qu‘a</strong></span> <span class='ocrx_word' id='word_1_90' title='bbox 332 831 444 868; x_wconf 89' lang='lat' dir='ltr'><strong>rebus</strong></span> <span class='ocrx_word' id='word_1_91' title='bbox 463 829 559 868; x_wconf 86' lang='lat' dir='ltr'><strong>fictis</strong></span> <span class='ocrx_word' id='word_1_92' title='bbox 578 836 614 867; x_wconf 90' lang='lat' dir='ltr'><strong>et</strong></span> <span class='ocrx_word' id='word_1_93' title='bbox 632 828 869 867; x_wconf 86' lang='lat' dir='ltr'><strong>adumbratis</strong></span> <span class='ocrx_word' id='word_1_94' title='bbox 885 828 959 867; x_wconf 84' lang='lat' dir='ltr'><strong>loci</strong></span> <span class='ocrx_word' id='word_1_95' title='bbox 977 828 1192 880; x_wconf 87' lang='lat' dir='ltr'><strong>plurimum</strong></span> <span class='ocrx_word' id='word_1_96' title='bbox 1211 835 1281 876; x_wconf 83' lang='lat' dir='ltr'><strong>est,</strong></span> <span class='ocrx_word' id='word_1_97' title='bbox 1299 835 1360 866; x_wconf 86' lang='lat' dir='ltr'><strong>ta-</strong></span> 
     </span>
     <span class='ocr_line' id='line_1_15' title="bbox 232 882 1361 935; baseline -0.002 -13"><span class='ocrx_word' id='word_1_98' title='bbox 232 895 324 922; x_wconf 88' lang='lat' dir='ltr'><strong>men</strong></span> <span class='ocrx_word' id='word_1_99' title='bbox 348 896 483 922; x_wconf 88' lang='lat' dir='ltr'><strong>verum</strong></span> <span class='ocrx_word' id='word_1_100' title='bbox 506 883 606 922; x_wconf 86' lang='lat' dir='ltr'><strong>valet</strong></span> <span class='ocrx_word' id='word_1_101' title='bbox 626 883 675 926; x_wconf 90' lang='lat' dir='ltr'><strong>(si</strong></span> <span class='ocrx_word' id='word_1_102' title='bbox 692 883 808 922; x_wconf 90' lang='lat' dir='ltr'><strong>modo</strong></span> <span class='ocrx_word' id='word_1_103' title='bbox 825 882 866 921; x_wconf 89' lang='lat' dir='ltr'><strong>id</strong></span> <span class='ocrx_word' id='word_1_104' title='bbox 883 883 1118 935; x_wconf 86' lang='lat' dir='ltr'><strong>patefactum</strong></span> <span class='ocrx_word' id='word_1_105' title='bbox 1137 890 1175 921; x_wconf 89' lang='lat' dir='ltr'><strong>et</strong></span> <span class='ocrx_word' id='word_1_106' title='bbox 1191 882 1361 921; x_wconf 81' lang='lat' dir='ltr'><strong>illustra-</strong></span> 
     </span>
     <span class='ocr_line' id='line_1_16' title="bbox 233 937 1363 990; baseline -0.001 -14"><span class='ocrx_word' id='word_1_107' title='bbox 233 946 321 976; x_wconf 89' lang='lat' dir='ltr'><strong>tum</strong></span> <span class='ocrx_word' id='word_1_108' title='bbox 346 944 432 985; x_wconf 77' lang='lat' dir='ltr'><strong>est),</strong></span> <span class='ocrx_word' id='word_1_109' title='bbox 454 937 548 990; x_wconf 85' lang='lat' dir='ltr'><strong>quid</strong></span> <span class='ocrx_word' id='word_1_110' title='bbox 566 938 606 976; x_wconf 88' lang='lat' dir='ltr'><strong>in</strong></span> <span class='ocrx_word' id='word_1_111' title='bbox 626 937 794 976; x_wconf 58' lang='lat' dir='ltr'><strong>amicitia</strong></span> <span class='ocrx_word' id='word_1_112' title='bbox 811 937 893 975; x_wconf 88' lang='lat' dir='ltr'><strong>fieri</strong></span> <span class='ocrx_word' id='word_1_113' title='bbox 911 944 1072 989; x_wconf 80' lang='lat' dir='ltr'><strong>oportet,</strong></span> <span class='ocrx_word' id='word_1_114' title='bbox 1092 950 1180 989; x_wconf 89' lang='lat' dir='ltr'><strong>quae</strong></span> <span class='ocrx_word' id='word_1_115' title='bbox 1197 944 1279 975; x_wconf 81' lang='lat' dir='ltr'><strong>tota</strong></span> <span class='ocrx_word' id='word_1_116' title='bbox 1295 949 1363 975; x_wconf 84' lang='lat' dir='ltr'><strong>ve-</strong></span> 
     </span>
     <span class='ocr_line' id='line_1_17' title="bbox 232 991 1360 1044; baseline -0.001 -14"><span class='ocrx_word' id='word_1_117' title='bbox 232 992 344 1031; x_wconf 87' lang='lat' dir='ltr'><strong>ritate</strong></span> <span class='ocrx_word' id='word_1_118' title='bbox 369 992 648 1044; x_wconf 83' lang='lat' dir='ltr'><strong>perpenditur?</strong></span> <span class='ocrx_word' id='word_1_119' title='bbox 678 991 718 1029; x_wconf 91' lang='lat' dir='ltr'><strong>in</strong></span> <span class='ocrx_word' id='word_1_120' title='bbox 737 991 816 1043; x_wconf 67' lang='lat' dir='ltr'><strong>qua</strong></span> <span class='ocrx_word' id='word_1_121' title='bbox 834 991 906 1030; x_wconf 89' lang='lat' dir='ltr'><strong>nisi</strong></span> <span class='ocrx_word' id='word_1_122' title='bbox 925 995 986 1036; x_wconf 89' lang='lat' dir='ltr'><strong>(ut</strong></span> <span class='ocrx_word' id='word_1_123' title='bbox 1004 991 1160 1038; x_wconf 84' lang='lat' dir='ltr'><strong>dicitur)</strong></span> <span class='ocrx_word' id='word_1_124' title='bbox 1183 998 1360 1042; x_wconf 88' lang='lat' dir='ltr'><strong>apertum</strong></span> 
     </span>
     <span class='ocr_line' id='line_1_18' title="bbox 232 1044 1361 1098; baseline -0.001 -14"><span class='ocrx_word' id='word_1_125' title='bbox 232 1055 365 1098; x_wconf 90' lang='lat' dir='ltr'><strong>peetus</strong></span> <span class='ocrx_word' id='word_1_126' title='bbox 390 1046 533 1095; x_wconf 82' lang='lat' dir='ltr'><strong>videas,</strong></span> <span class='ocrx_word' id='word_1_127' title='bbox 561 1054 751 1098; x_wconf 92' lang='lat' dir='ltr'><strong>tuumque</strong></span> <span class='ocrx_word' id='word_1_128' title='bbox 769 1046 957 1094; x_wconf 87' lang='lat' dir='ltr'><strong>ostendas,</strong></span> <span class='ocrx_word' id='word_1_129' title='bbox 982 1045 1080 1084; x_wconf 87' lang='lat' dir='ltr'><strong>nihil</strong></span> <span class='ocrx_word' id='word_1_130' title='bbox 1104 1045 1242 1093; x_wconf 89' lang='lat' dir='ltr'><strong>fidum,</strong></span> <span class='ocrx_word' id='word_1_131' title='bbox 1261 1044 1361 1083; x_wconf 92' lang='lat' dir='ltr'><strong>nihil</strong></span> 
     </span>
     <span class='ocr_line' id='line_1_19' title="bbox 232 1098 1359 1152; baseline -0.001 -14"><span class='ocrx_word' id='word_1_132' title='bbox 232 1101 474 1152; x_wconf 83' lang='lat' dir='ltr'><strong>exploratum</strong></span> <span class='ocrx_word' id='word_1_133' title='bbox 499 1101 664 1139; x_wconf 88' lang='lat' dir='ltr'><strong>habeas:</strong></span> <span class='ocrx_word' id='word_1_134' title='bbox 695 1113 744 1138; x_wconf 89' lang='lat' dir='ltr'><strong>ne</strong></span> <span class='ocrx_word' id='word_1_135' title='bbox 768 1113 897 1138; x_wconf 87' lang='lat' dir='ltr'><strong>amare</strong></span> <span class='ocrx_word' id='word_1_136' title='bbox 922 1099 1094 1152; x_wconf 88' lang='lat' dir='ltr'><strong>quidem,</strong></span> <span class='ocrx_word' id='word_1_137' title='bbox 1126 1107 1194 1138; x_wconf 86' lang='lat' dir='ltr'><strong>aut</strong></span> <span class='ocrx_word' id='word_1_138' title='bbox 1211 1098 1359 1145; x_wconf 75' lang='lat' dir='ltr'><strong>amari3</strong></span> 
     </span>
     <span class='ocr_line' id='line_1_20' title="bbox 235 1153 1362 1206; baseline -0.001 -14"><span class='ocrx_word' id='word_1_139' title='bbox 235 1168 340 1203; x_wconf 86' lang='lat' dir='ltr'><strong>cum,</strong></span> <span class='ocrx_word' id='word_1_140' title='bbox 370 1155 412 1192; x_wconf 93' lang='lat' dir='ltr'><strong>id</strong></span> <span class='ocrx_word' id='word_1_141' title='bbox 437 1167 555 1206; x_wconf 89' lang='lat' dir='ltr'><strong>quam</strong></span> <span class='ocrx_word' id='word_1_142' title='bbox 586 1167 671 1193; x_wconf 87' lang='lat' dir='ltr'><strong>vere</strong></span> <span class='ocrx_word' id='word_1_143' title='bbox 696 1155 777 1200; x_wconf 87' lang='lat' dir='ltr'><strong>fiat,</strong></span> <span class='ocrx_word' id='word_1_144' title='bbox 809 1154 970 1205; x_wconf 89' lang='lat' dir='ltr'><strong>ignores.</strong></span> <span class='ocrx_word' id='word_1_145' title='bbox 1011 1153 1264 1205; x_wconf 84' lang='lat' dir='ltr'><strong>Quamquam</strong></span> <span class='ocrx_word' id='word_1_146' title='bbox 1289 1153 1362 1191; x_wconf 90' lang='lat' dir='ltr'><strong>ista</strong></span> 
     </span>
     <span class='ocr_line' id='line_1_21' title="bbox 235 1208 1361 1270; baseline -0.002 -23"><span class='ocrx_word' id='word_1_147' title='bbox 235 1208 450 1270; x_wconf 68' lang='lat' dir='ltr'><strong>assentatio,</strong></span> <span class='ocrx_word' id='word_1_148' title='bbox 472 1209 647 1270; x_wconf 81' lang='lat' dir='ltr'><strong>quamvis</strong></span> <span class='ocrx_word' id='word_1_149' title='bbox 665 1208 874 1259; x_wconf 89' lang='lat' dir='ltr'><strong>perniciosa</strong></span> <span class='ocrx_word' id='word_1_150' title='bbox 899 1208 961 1256; x_wconf 87' lang='lat' dir='ltr'><strong>sit,</strong></span> <span class='ocrx_word' id='word_1_151' title='bbox 987 1220 1121 1246; x_wconf 89' lang='lat' dir='ltr'><strong>nocere</strong></span> <span class='ocrx_word' id='word_1_152' title='bbox 1144 1215 1274 1246; x_wconf 88' lang='lat' dir='ltr'><strong>tamen</strong></span> <span class='ocrx_word' id='word_1_153' title='bbox 1293 1219 1361 1245; x_wconf 87' lang='lat' dir='ltr'><strong>ne-</strong></span> 
     </span>
     <span class='ocr_line' id='line_1_22' title="bbox 233 1261 1360 1314; baseline -0.001 -14"><span class='ocrx_word' id='word_1_154' title='bbox 233 1263 332 1301; x_wconf 87' lang='lat' dir='ltr'><strong>mini</strong></span> <span class='ocrx_word' id='word_1_155' title='bbox 350 1270 486 1314; x_wconf 82' lang='lat' dir='ltr'><strong>potest,</strong></span> <span class='ocrx_word' id='word_1_156' title='bbox 507 1262 580 1301; x_wconf 92' lang='lat' dir='ltr'><strong>nisi</strong></span> <span class='ocrx_word' id='word_1_157' title='bbox 600 1262 634 1301; x_wconf 91' lang='lat' dir='ltr'><strong>ei</strong></span> <span class='ocrx_word' id='word_1_158' title='bbox 653 1262 721 1314; x_wconf 92' lang='lat' dir='ltr'><strong>qui</strong></span> <span class='ocrx_word' id='word_1_159' title='bbox 739 1275 824 1300; x_wconf 90' lang='lat' dir='ltr'><strong>eam</strong></span> <span class='ocrx_word' id='word_1_160' title='bbox 841 1262 989 1314; x_wconf 87' lang='lat' dir='ltr'><strong>recipit,</strong></span> <span class='ocrx_word' id='word_1_161' title='bbox 1009 1269 1125 1313; x_wconf 87' lang='lat' dir='ltr'><strong>atque</strong></span> <span class='ocrx_word' id='word_1_162' title='bbox 1138 1274 1183 1299; x_wconf 85' lang='grc'><strong>03</strong></span> <span class='ocrx_word' id='word_1_163' title='bbox 1197 1261 1360 1299; x_wconf 81' lang='lat' dir='ltr'><strong>delecta-</strong></span> 
     </span>
     <span class='ocr_line' id='line_1_23' title="bbox 233 1315 1361 1368; baseline -0.001 -14"><span class='ocrx_word' id='word_1_164' title='bbox 233 1325 308 1355; x_wconf 86' lang='lat' dir='ltr'><strong>tur.</strong></span> <span class='ocrx_word' id='word_1_165' title='bbox 339 1317 402 1354; x_wconf 84' lang='lat' dir='ltr'><strong>Ita</strong></span> <span class='ocrx_word' id='word_1_166' title='bbox 424 1316 481 1364; x_wconf 86' lang='lat' dir='ltr'><strong>fit,</strong></span> <span class='ocrx_word' id='word_1_167' title='bbox 502 1324 546 1354; x_wconf 90' lang='lat' dir='ltr'><strong>ut</strong></span> <span class='ocrx_word' id='word_1_168' title='bbox 565 1316 596 1354; x_wconf 90' lang='lat' dir='ltr'><strong>is</strong></span> <span class='ocrx_word' id='word_1_169' title='bbox 615 1316 908 1354; x_wconf 81' lang='lat' dir='ltr'><strong>assentatoribus</strong></span> <span class='ocrx_word' id='word_1_170' title='bbox 925 1315 1128 1368; x_wconf 88' lang='lat' dir='ltr'><strong>patefaciat</strong></span> <span class='ocrx_word' id='word_1_171' title='bbox 1145 1328 1254 1354; x_wconf 63' lang='grc'>311105</span> <span class='ocrx_word' id='word_1_172' title='bbox 1273 1328 1361 1354; x_wconf 84' lang='grc'>51135</span> 
     </span>
     <span class='ocr_line' id='line_1_24' title="bbox 231 1369 1362 1424; baseline -0.002 -15"><span class='ocrx_word' id='word_1_173' title='bbox 231 1371 417 1420; x_wconf 81' lang='lat' dir='ltr'><strong>maxime,</strong></span> <span class='ocrx_word' id='word_1_174' title='bbox 445 1370 514 1424; x_wconf 89' lang='lat' dir='ltr'><strong>qui</strong></span> <span class='ocrx_word' id='word_1_175' title='bbox 538 1370 619 1422; x_wconf 90' lang='lat' dir='ltr'><strong>ipse</strong></span> <span class='ocrx_word' id='word_1_176' title='bbox 644 1370 717 1409; x_wconf 92' lang='lat' dir='ltr'><strong>sibi</strong></span> <span class='ocrx_word' id='word_1_177' title='bbox 735 1378 958 1419; x_wconf 72' lang='lat' dir='ltr'><strong>assentetur,</strong></span> <span class='ocrx_word' id='word_1_178' title='bbox 979 1378 1016 1408; x_wconf 92' lang='lat' dir='ltr'><strong>et</strong></span> <span class='ocrx_word' id='word_1_179' title='bbox 1034 1383 1073 1408; x_wconf 92' lang='lat' dir='ltr'><strong>se</strong></span> <span class='ocrx_word' id='word_1_180' title='bbox 1090 1369 1262 1408; x_wconf 83' lang='lat' dir='ltr'><strong>maxime</strong></span> <span class='ocrx_word' id='word_1_181' title='bbox 1279 1369 1362 1422; x_wconf 91' lang='lat' dir='ltr'><strong>ipse</strong></span> 
     </span>
     <span class='ocr_line' id='line_1_25' title="bbox 230 1425 403 1464; baseline -0.006 0"><span class='ocrx_word' id='word_1_182' title='bbox 230 1425 403 1464; x_wconf 83' lang='lat' dir='ltr'><strong>delectet.</strong></span> 
     </span>
    </p>

    <p class='ocr_par' dir='ltr' id='par_1_4' title="bbox 229 1477 1360 2070">
     <span class='ocr_line' id='line_1_26' title="bbox 284 1477 1357 1530; baseline -0.002 -12"><span class='ocrx_word' id='word_1_183' title='bbox 284 1478 459 1518; x_wconf 87' lang='lat' dir='ltr'><strong>Omnino</strong></span> <span class='ocrx_word' id='word_1_184' title='bbox 474 1485 529 1517; x_wconf 68' lang='lat' dir='ltr'><strong>est</strong></span> <span class='ocrx_word' id='word_1_185' title='bbox 547 1491 681 1517; x_wconf 90' lang='lat' dir='ltr'><strong>amans</strong></span> <span class='ocrx_word' id='word_1_186' title='bbox 696 1478 755 1517; x_wconf 90' lang='lat' dir='ltr'><strong>sui</strong></span> <span class='ocrx_word' id='word_1_187' title='bbox 773 1477 917 1518; x_wconf 87' lang='lat' dir='ltr'><strong>virtus:</strong></span> <span class='ocrx_word' id='word_1_188' title='bbox 939 1478 1085 1530; x_wconf 90' lang='lat' dir='ltr'><strong>optime</strong></span> <span class='ocrx_word' id='word_1_189' title='bbox 1099 1477 1204 1517; x_wconf 88' lang='lat' dir='ltr'><strong>enim</strong></span> <span class='ocrx_word' id='word_1_190' title='bbox 1220 1491 1260 1516; x_wconf 88' lang='lat' dir='ltr'><strong>se</strong></span> <span class='ocrx_word' id='word_1_191' title='bbox 1273 1477 1357 1530; x_wconf 84' lang='lat' dir='ltr'><strong>ipsa</strong></span> 
     </span>
     <span class='ocr_line' id='line_1_27' title="bbox 229 1531 1360 1585; baseline -0.002 -13"><span class='ocrx_word' id='word_1_192' title='bbox 229 1534 363 1579; x_wconf 89' lang='lat' dir='ltr'><strong>novit;</strong></span> <span class='ocrx_word' id='word_1_193' title='bbox 393 1546 589 1585; x_wconf 89' lang='lat' dir='ltr'><strong>quamque</strong></span> <span class='ocrx_word' id='word_1_194' title='bbox 607 1533 782 1572; x_wconf 89' lang='lat' dir='ltr'><strong>amabilis</strong></span> <span class='ocrx_word' id='word_1_195' title='bbox 801 1533 863 1581; x_wconf 90' lang='lat' dir='ltr'><strong>sit,</strong></span> <span class='ocrx_word' id='word_1_196' title='bbox 882 1532 1074 1584; x_wconf 84' lang='lat' dir='ltr'><strong>intelligit.</strong></span> <span class='ocrx_word' id='word_1_197' title='bbox 1117 1531 1208 1583; x_wconf 88' lang='lat' dir='ltr'><strong>Ego</strong></span> <span class='ocrx_word' id='word_1_198' title='bbox 1228 1539 1360 1571; x_wconf 88' lang='lat' dir='ltr'><strong>autem</strong></span> 
     </span>
     <span class='ocr_line' id='line_1_28' title="bbox 231 1586 1358 1639; baseline -0.001 -13"><span class='ocrx_word' id='word_1_199' title='bbox 231 1600 310 1627; x_wconf 91' lang='lat' dir='ltr'><strong>non</strong></span> <span class='ocrx_word' id='word_1_200' title='bbox 329 1588 377 1626; x_wconf 90' lang='lat' dir='ltr'><strong>de</strong></span> <span class='ocrx_word' id='word_1_201' title='bbox 391 1588 531 1626; x_wconf 86' lang='lat' dir='ltr'><strong>virtute</strong></span> <span class='ocrx_word' id='word_1_202' title='bbox 548 1600 652 1626; x_wconf 90' lang='lat' dir='ltr'><strong>nunc</strong></span> <span class='ocrx_word' id='word_1_203' title='bbox 670 1588 820 1639; x_wconf 81' lang='lat' dir='ltr'><strong>loquor,</strong></span> <span class='ocrx_word' id='word_1_204' title='bbox 841 1587 906 1626; x_wconf 89' lang='lat' dir='ltr'><strong>sed</strong></span> <span class='ocrx_word' id='word_1_205' title='bbox 924 1586 971 1626; x_wconf 91' lang='lat' dir='ltr'><strong>de</strong></span> <span class='ocrx_word' id='word_1_206' title='bbox 989 1587 1140 1626; x_wconf 85' lang='lat' dir='ltr'><strong>virtutis</strong></span> <span class='ocrx_word' id='word_1_207' title='bbox 1154 1586 1332 1639; x_wconf 91' lang='lat' dir='ltr'><strong>opinione</strong></span> <span class='ocrx_word' id='word_1_208' title='bbox 1345 1600 1358 1625; x_wconf 71' lang='grc' dir='ltr'><em>ε</em></span> 
     </span>
     <span class='ocr_line' id='line_1_29' title="bbox 232 1641 1359 1693; baseline 0 -13"><span class='ocrx_word' id='word_1_209' title='bbox 232 1643 373 1681; x_wconf 84' lang='lat' dir='ltr'><strong>virtute</strong></span> <span class='ocrx_word' id='word_1_210' title='bbox 398 1642 502 1680; x_wconf 89' lang='lat' dir='ltr'><strong>enim</strong></span> <span class='ocrx_word' id='word_1_211' title='bbox 519 1641 603 1693; x_wconf 70' lang='lat' dir='ltr'><strong>ipsa</strong></span> <span class='ocrx_word' id='word_1_212' title='bbox 621 1654 698 1680; x_wconf 90' lang='lat' dir='ltr'><strong>non</strong></span> <span class='ocrx_word' id='word_1_213' title='bbox 717 1650 798 1679; x_wconf 86' lang='lat' dir='ltr'><strong>tam</strong></span> <span class='ocrx_word' id='word_1_214' title='bbox 823 1641 938 1680; x_wconf 90' lang='lat' dir='ltr'><strong>multi</strong></span> <span class='ocrx_word' id='word_1_215' title='bbox 956 1641 1107 1693; x_wconf 79' lang='lat' dir='ltr'><strong>praediti</strong></span> <span class='ocrx_word' id='word_1_216' title='bbox 1125 1654 1217 1688; x_wconf 57' lang='lat' dir='ltr'><strong>eme,</strong></span> <span class='ocrx_word' id='word_1_217' title='bbox 1239 1653 1359 1693; x_wconf 88' lang='lat' dir='ltr'><strong>quam</strong></span> 
     </span>
     <span class='ocr_line' id='line_1_30' title="bbox 230 1694 1358 1743; baseline -0.002 -8"><span class='ocrx_word' id='word_1_218' title='bbox 230 1697 366 1743; x_wconf 81' lang='lat' dir='ltr'><strong>videri,</strong></span> <span class='ocrx_word' id='word_1_219' title='bbox 388 1696 532 1735; x_wconf 83' lang='lat' dir='ltr'><strong>volunt.</strong></span> <span class='ocrx_word' id='word_1_220' title='bbox 563 1696 648 1734; x_wconf 91' lang='lat' dir='ltr'><strong>Hos</strong></span> <span class='ocrx_word' id='word_1_221' title='bbox 667 1696 828 1734; x_wconf 89' lang='lat' dir='ltr'><strong>delectat</strong></span> <span class='ocrx_word' id='word_1_222' title='bbox 846 1696 1072 1734; x_wconf 84' lang='lat' dir='ltr'><strong>assentatio:</strong></span> <span class='ocrx_word' id='word_1_223' title='bbox 1092 1695 1152 1734; x_wconf 91' lang='lat' dir='ltr'><strong>his</strong></span> <span class='ocrx_word' id='word_1_224' title='bbox 1177 1696 1289 1734; x_wconf 87' lang='lat' dir='ltr'><strong>fictus</strong></span> <span class='ocrx_word' id='word_1_225' title='bbox 1307 1694 1358 1733; x_wconf 86' lang='lat' dir='ltr'><strong>ad</strong></span> 
     </span>
     <span class='ocr_line' id='line_1_31' title="bbox 230 1749 1358 1803; baseline -0.002 -14"><span class='ocrx_word' id='word_1_226' title='bbox 230 1752 403 1803; x_wconf 90' lang='lat' dir='ltr'><strong>ipsorum</strong></span> <span class='ocrx_word' id='word_1_227' title='bbox 417 1751 654 1789; x_wconf 89' lang='lat' dir='ltr'><strong>voluntatem</strong></span> <span class='ocrx_word' id='word_1_228' title='bbox 669 1763 791 1788; x_wconf 89' lang='lat' dir='ltr'><strong>sermo</strong></span> <span class='ocrx_word' id='word_1_229' title='bbox 806 1762 895 1788; x_wconf 84' lang='lat' dir='ltr'><strong>cum</strong></span> <span class='ocrx_word' id='word_1_230' title='bbox 909 1749 1126 1798; x_wconf 84' lang='lat' dir='ltr'><strong>adhibetur,</strong></span> <span class='ocrx_word' id='word_1_231' title='bbox 1145 1749 1358 1788; x_wconf 81' lang='lat' dir='ltr'><strong>orationem</strong></span> 
     </span>
     <span class='ocr_line' id='line_1_32' title="bbox 229 1803 1358 1855; baseline -0.003 -11"><span class='ocrx_word' id='word_1_232' title='bbox 229 1805 340 1844; x_wconf 87' lang='lat' dir='ltr'><strong>illam</strong></span> <span class='ocrx_word' id='word_1_233' title='bbox 366 1816 505 1842; x_wconf 86' lang='lat' dir='ltr'><strong>vanam</strong></span> <span class='ocrx_word' id='word_1_234' title='bbox 532 1803 794 1843; x_wconf 84' lang='lat' dir='ltr'><strong>testimonium</strong></span> <span class='ocrx_word' id='word_1_235' title='bbox 819 1817 896 1842; x_wconf 61' lang='lat' dir='ltr'><strong>esse</strong></span> <span class='ocrx_word' id='word_1_236' title='bbox 918 1803 1081 1842; x_wconf 87' lang='lat' dir='ltr'><strong>laudum</strong></span> <span class='ocrx_word' id='word_1_237' title='bbox 1108 1816 1265 1842; x_wconf 87' lang='lat' dir='ltr'><strong>suarum</strong></span> <span class='ocrx_word' id='word_1_238' title='bbox 1283 1816 1358 1855; x_wconf 89' lang='lat' dir='ltr'><strong>pu-</strong></span> 
     </span>
     <span class='ocr_line' id='line_1_33' title="bbox 232 1858 1357 1910; baseline -0.001 -13"><span class='ocrx_word' id='word_1_239' title='bbox 232 1866 329 1898; x_wconf 82' lang='lat' dir='ltr'><strong>tant.</strong></span> <span class='ocrx_word' id='word_1_240' title='bbox 359 1858 482 1896; x_wconf 88' lang='lat' dir='ltr'><strong>Nulla</strong></span> <span class='ocrx_word' id='word_1_241' title='bbox 501 1865 556 1896; x_wconf 87' lang='lat' dir='ltr'><strong>est</strong></span> <span class='ocrx_word' id='word_1_242' title='bbox 574 1858 691 1910; x_wconf 88' lang='lat' dir='ltr'><strong>igitur</strong></span> <span class='ocrx_word' id='word_1_243' title='bbox 703 1858 785 1897; x_wconf 89' lang='lat' dir='ltr'><strong>haec</strong></span> <span class='ocrx_word' id='word_1_244' title='bbox 799 1858 979 1906; x_wconf 86' lang='lat' dir='ltr'><strong>amicitia,</strong></span> <span class='ocrx_word' id='word_1_245' title='bbox 1000 1871 1090 1897; x_wconf 88' lang='lat' dir='ltr'><strong>cum</strong></span> <span class='ocrx_word' id='word_1_246' title='bbox 1108 1858 1203 1896; x_wconf 84' lang='lat' dir='ltr'><strong>alter</strong></span> <span class='ocrx_word' id='word_1_247' title='bbox 1222 1870 1357 1896; x_wconf 89' lang='lat' dir='ltr'><strong>verum</strong></span> 
     </span>
     <span class='ocr_line' id='line_1_34' title="bbox 232 1912 1356 1964; baseline -0.001 -13"><span class='ocrx_word' id='word_1_248' title='bbox 232 1913 365 1951; x_wconf 86' lang='lat' dir='ltr'><strong>audire</strong></span> <span class='ocrx_word' id='word_1_249' title='bbox 389 1925 467 1951; x_wconf 91' lang='lat' dir='ltr'><strong>non</strong></span> <span class='ocrx_word' id='word_1_250' title='bbox 492 1913 589 1960; x_wconf 87' lang='lat' dir='ltr'><strong>vult,</strong></span> <span class='ocrx_word' id='word_1_251' title='bbox 617 1912 712 1951; x_wconf 89' lang='lat' dir='ltr'><strong>alter</strong></span> <span class='ocrx_word' id='word_1_252' title='bbox 737 1912 787 1950; x_wconf 88' lang='lat' dir='ltr'><strong>ad</strong></span> <span class='ocrx_word' id='word_1_253' title='bbox 815 1912 1082 1951; x_wconf 84' lang='lat' dir='ltr'><strong>mentiendum</strong></span> <span class='ocrx_word' id='word_1_254' title='bbox 1106 1919 1262 1964; x_wconf 82' lang='lat' dir='ltr'><strong>paratus</strong></span> <span class='ocrx_word' id='word_1_255' title='bbox 1287 1917 1356 1950; x_wconf 62' lang='lat' dir='ltr'><strong>est.</strong></span> 
     </span>
     <span class='ocr_line' id='line_1_35' title="bbox 233 1965 1358 2018; baseline -0.001 -13"><span class='ocrx_word' id='word_1_256' title='bbox 233 1967 277 2005; x_wconf 93' lang='lat' dir='ltr'>N</span> <span class='ocrx_word' id='word_1_257' title='bbox 279 1980 319 2005; x_wconf 91' lang='lat' dir='ltr'><strong>ec</strong></span> <span class='ocrx_word' id='word_1_258' title='bbox 337 1966 590 2018; x_wconf 88' lang='lat' dir='ltr'><strong>parasitorum</strong></span> <span class='ocrx_word' id='word_1_259' title='bbox 612 1966 653 2004; x_wconf 91' lang='lat' dir='ltr'><strong>in</strong></span> <span class='ocrx_word' id='word_1_260' title='bbox 678 1966 870 2005; x_wconf 88' lang='lat' dir='ltr'><strong>eomoediis</strong></span> <span class='ocrx_word' id='word_1_261' title='bbox 888 1966 1089 2005; x_wconf 86' lang='lat' dir='ltr'><strong>assentatio</strong></span> <span class='ocrx_word' id='word_1_262' title='bbox 1106 1965 1218 2005; x_wconf 88' lang='lat' dir='ltr'><strong>nobis</strong></span> <span class='ocrx_word' id='word_1_263' title='bbox 1235 1965 1358 2005; x_wconf 76' lang='lat' dir='ltr'><strong>faceta</strong></span> 
     </span>
     <span class='ocr_line' id='line_1_36' title="bbox 232 2019 1032 2070; baseline -0.001 -11"><span class='ocrx_word' id='word_1_264' title='bbox 232 2020 436 2070; x_wconf 83' lang='lat' dir='ltr'><strong>videretur,</strong></span> <span class='ocrx_word' id='word_1_265' title='bbox 456 2020 530 2059; x_wconf 89' lang='lat' dir='ltr'><strong>nisi</strong></span> <span class='ocrx_word' id='word_1_266' title='bbox 547 2027 670 2060; x_wconf 89' lang='lat' dir='ltr'><strong>essent</strong></span> <span class='ocrx_word' id='word_1_267' title='bbox 687 2019 837 2059; x_wconf 66' lang='lat' dir='ltr'><strong>Militae</strong></span> <span class='ocrx_word' id='word_1_268' title='bbox 853 2019 1032 2059; x_wconf 82' lang='lat' dir='ltr'><strong>Gloriosi.</strong></span> 
     </span>
    </p>
   </div>
   <div class='ocr_carea' id='block_1_3' title="bbox 288 2094 1214 2148">
    <p class='ocr_par' dir='ltr' id='par_1_5' title="bbox 288 2094 1214 2148">
     <span class='ocr_line' id='line_1_37' title="bbox 288 2094 1214 2148; baseline -0.001 -14"><span class='ocrx_word' id='word_1_269' title='bbox 288 2098 316 2118; x_wconf 76' lang='lat'><strong>‘⁶</strong></span> <span class='ocrx_word' id='word_1_270' title='bbox 332 2095 500 2148; x_wconf 85' lang='lat' dir='ltr'><strong>Magnas</strong></span> <span class='ocrx_word' id='word_1_271' title='bbox 517 2108 606 2135; x_wconf 89' lang='lat' dir='ltr'><strong>vero</strong></span> <span class='ocrx_word' id='word_1_272' title='bbox 623 2109 733 2147; x_wconf 89' lang='lat' dir='ltr'><strong>agere</strong></span> <span class='ocrx_word' id='word_1_273' title='bbox 750 2095 890 2147; x_wconf 85' lang='lat' dir='ltr'><strong>gratias</strong></span> <span class='ocrx_word' id='word_1_274' title='bbox 908 2094 1033 2134; x_wconf 77' lang='lat' dir='ltr'><strong>&#39;rhais</strong></span> <span class='ocrx_word' id='word_1_275' title='bbox 1050 2094 1149 2133; x_wconf 91' lang='lat' dir='ltr'><strong>mihi</strong></span> <span class='ocrx_word' id='word_1_276' title='bbox 1165 2094 1214 2133; x_wconf 82' lang='lat'><strong>?&#39;&#39;</strong></span> 
     </span>
    </p>
   </div>
   <div class='ocr_carea' id='block_1_4' title="bbox 231 2182 1426 2246">
    <p class='ocr_par' dir='ltr' id='par_1_6' title="bbox 231 2182 1426 2246">
     <span class='ocr_line' id='line_1_38' title="bbox 231 2182 1426 2246; baseline -0.003 -22"><span class='ocrx_word' id='word_1_277' title='bbox 231 2185 329 2225; x_wconf 78' lang='lat' dir='ltr'><strong>Satis</strong></span> <span class='ocrx_word' id='word_1_278' title='bbox 352 2193 431 2226; x_wconf 88' lang='lat' dir='ltr'><strong>erat</strong></span> <span class='ocrx_word' id='word_1_279' title='bbox 450 2185 687 2239; x_wconf 71' lang='lat' dir='ltr'><strong>respondere,</strong></span> <span class='ocrx_word' id='word_1_280' title='bbox 708 2186 737 2208; x_wconf 88' lang='lat'><strong>“</strong></span> <span class='ocrx_word' id='word_1_281' title='bbox 757 2183 925 2237; x_wconf 78' lang='lat' dir='ltr'><strong>Magnas</strong></span> <span class='ocrx_word' id='word_1_282' title='bbox 939 2185 980 2224; x_wconf 84' lang='lat'><strong>:&#39;&#39;</strong></span> <span class='ocrx_word' id='word_1_283' title='bbox 1001 2186 1030 2207; x_wconf 84' lang='lat'><strong>“</strong></span> <span class='ocrx_word' id='word_1_284' title='bbox 1048 2183 1275 2237; x_wconf 69' lang='lat' dir='ltr'><strong>Ingentea,’&#39;</strong></span> <span class='ocrx_word' id='word_1_285' title='bbox 1293 2182 1354 2222; x_wconf 88' lang='lat' dir='ltr'><strong>in-</strong></span> <span class='ocrx_word' id='word_1_286' title='bbox 1421 2240 1426 2246; x_wconf 32' lang='lat'>¹</span> 
     </span>
    </p>
   </div>
  </div>
 </body>
</html>
