1470 2402
123 117 203 155 224
291 116 371 156 DE
401 116 663 166 OFFICIIS‚
695 117 795 156 Lm.
819 117 853 156 Ι.
884 117 991 156 CAP.
1010 118 1077 156 22.

115 224 245 263 dicant
273 239 331 273 ae,
363 239 450 278 quae
467 226 641 278 plerique
658 225 858 276 mirentur,
878 224 1041 276 imperia
1058 231 1097 264 et
1119 226 1244 277 magi-

115 285 269 328 stratus,
298 280 344 318 iis
368 292 446 318 non
460 280 576 319 modo
595 292 671 318 non
694 279 815 329 laudi,
843 292 978 319 verum
997 279 1114 317 etiam
1132 279 1239 328 vitio,

115 332 289 372 dandum
307 342 414 385 puto.
461 334 642 382 Quorum
663 334 870 383 judicium,
898 334 939 371 in
964 345 1008 372 eo
1033 333 1139 384 quod
1157 333 1241 384 glo-

115 386 214 425 riam
232 396 479 427 contemnant
498 396 535 426 et
551 401 622 439 pro
640 387 761 426 nihilo
785 395 936 440 putent,
965 386 1118 425 difficile
1135 387 1239 426 factu

114 448 172 479 est
196 454 274 480 non
303 444 484 493 probare:
515 442 581 480 scd
606 441 782 480 videntur
805 443 953 481 labores
977 448 1014 480 et
1031 440 1238 489 molestias,

113 501 200 532 tum
218 496 487 545 offensionum,
517 503 602 534 tum
620 497 875 547 repulsarum,
899 495 1011 547 quasi
1028 494 1240 546 quamdam

112 548 381 599 ignominiam,
410 550 558 598 timere,
588 556 625 588 et
642 549 856 589 infamiam.
903 550 1004 588 Sunt
1022 549 1141 597 enim,
1171 548 1240 600 qui

111 601 154 640 111
179 604 292 642 rebus
312 604 506 642 contrariis
524 617 664 655 parum
682 604 756 643 sibi
774 610 971 650 constent3
1000 603 1239 653 voluptatem

112 657 345 696 severissime
377 665 636 707 contemnant,
676 658 717 696 in
749 657 880 696 dolore
911 657 988 695 sint
1018 656 1238 701 molliorem

108 711 273 761 gloriam
288 712 498 763 negligant,
513 712 740 764 frangantur
753 711 938 750 infamiA:
959 718 1076 762 atque
1094 723 1139 749 ea
1152 709 1240 762 qui--

111 764 201 803 dem
220 778 297 804 non
317 766 406 804 satis
425 774 650 804 constanter.

164 819 242 857 Sed
271 819 331 867 iis,
361 820 430 872 qui
457 820 601 858 habent
630 834 654 858 a
682 819 822 858 natura
851 818 1076 869 adjumenta
1107 830 1237 856 rerum

109 873 378 923 gerendarum,
408 875 556 924 abjecta
585 875 692 913 omni
721 873 974 921 cunctatione,
1003 871 1237 924 adipiscendi

109 927 370 978 magistratus,
399 935 437 966 et
468 929 634 990 gerenda
665 927 878 979 respublica
910 934 976 966 est.
1016 927 1058 964 N
1062 939 1104 965 ec
1131 925 1235 964 enim

109 981 219 1019 aliter
237 990 304 1020 aut
322 982 403 1033 regi
417 982 561 1031 civitas,
582 990 650 1021 aut
662 982 845 1021 declarari
858 981 978 1020 animi
991 979 1235 1031 magnitudo,

107 1042 243 1085 potest.
274 1036 567 1087 Capessentibus
586 1044 716 1074 autem
729 1035 1008 1097 rempublicam
1025 1034 1147 1072 nihilo
1160 1033 1236 1071 mi-

108 1100 195 1136 nus,
212 1102 331 1140 quam
349 1090 598 1142 philosophis,
619 1090 726 1128 haud
743 1090 819 1129 scio
837 1102 887 1128 an
904 1088 1028 1140 magis
1046 1088 1176 1135 etiam,
1198 1095 1236 1126 et

107 1143 405 1193 magnificentia,
436 1151 473 1182 et
503 1144 747 1196 despicientia
775 1143 992 1182 adhibenda
1023 1142 1072 1180 sit
1103 1153 1233 1180 rerum

108 1194 383 1258 humanarum,
413 1206 450 1236 et
469 1211 526 1244 ea,
547 1211 665 1259 quam
684 1211 783 1249 saepe
801 1197 900 1246 dico,
920 1204 958 1235 et
975 1195 1235 1257 tranquillitas

105 1249 227 1288 animi
252 1259 368 1303 atque
393 1252 596 1299 securitas,
627 1252 659 1290 si
689 1252 847 1304 quidem
875 1263 946 1289 nec
974 1249 1082 1288 anxii
1109 1249 1234 1287 futuri

106 1313 210 1352 sunt,
241 1312 278 1343 et
307 1318 397 1343 cum
425 1305 611 1357 gravitate
637 1305 924 1357 constantiaque
942 1303 1090 1342 victuri.
1131 1303 1234 1351 Quae

105 1370 150 1396 eo
175 1358 345 1397 faciliora
370 1368 459 1397 sunt
482 1360 732 1411 philosophis,
763 1372 841 1411 quo
865 1358 994 1397 minus
1019 1357 1146 1395 multa
1162 1370 1233 1408 pa-

104 1417 186 1450 tent
203 1412 244 1449 in
264 1426 395 1451 eorum
415 1414 507 1461 vita,
529 1428 616 1466 quae
633 1414 788 1452 fortuna
805 1412 930 1460 feriat,
950 1419 988 1450 et
1005 1424 1083 1463 quo
1101 1411 1231 1449 minus

104 1465 238 1504 multis
256 1469 369 1505 rebus
387 1476 525 1519 egent3
555 1475 593 1506 et
611 1468 716 1520 quia,
736 1467 768 1506 51
786 1467 882 1519 quid
899 1465 1046 1504 adversi
1064 1465 1228 1512 eveniat,

105 1525 185 1557 tam
204 1521 369 1571 graviter
383 1522 514 1560 cadere
533 1534 610 1560 non
624 1528 794 1573 possunt.
835 1520 1040 1568 Quocirca,
1055 1531 1133 1557 non
1148 1519 1230 1557 sine

104 1574 219 1612 causa
237 1576 400 1624 majores
418 1584 545 1615 motus
559 1577 776 1614 animorum
792 1575 1043 1621 concitantur,
1063 1574 1230 1634 majora-

104 1640 180 1678 que
206 1628 414 1678 efficienda,
436 1631 714 1682 rempublicam
732 1629 966 1680 gerentibus,
986 1640 1106 1679 quam
1120 1627 1230 1678 quie-

103 1681 173 1726 115;
188 1695 266 1744 quo
284 1684 408 1735 magis
421 1684 481 1722 his
496 1692 533 1722 et
546 1683 773 1735 magnitudo
790 1682 913 1721 animi
925 1689 981 1721 851
995 1680 1228 1730 adhibenda,

103 1741 140 1773 et
159 1737 327 1775 vacuitas
345 1740 393 1776 ab
413 1739 631 1789 angoribus.

155 1789 224 1827 Ad
241 1803 324 1829 rem
348 1792 555 1843 gerendam
573 1799 704 1830 autem
726 1791 795 1843 qui
819 1789 976 1838 accedit,
1005 1795 1150 1850 caveat,
1175 1800 1226 1826 ne

101 1840 142 1880 id
165 1843 281 1882 modo
311 1846 532 1892 consideret,
562 1858 681 1897 quam
711 1845 779 1884 1113
802 1858 861 1884 res
884 1845 1044 1883 honesta
1068 1843 1131 1891 sit,
1159 1842 1226 1880 sed

101 1896 230 1944 etiam,
259 1905 304 1936 ut
321 1898 461 1938 habeat
480 1900 666 1938 efficiendi
682 1899 916 1938 facultatem.
963 1897 1015 1935 In
1040 1910 1119 1949 quo
1142 1896 1226 1947 ipso

100 1950 416 1991 considerandum
443 1962 512 2000 851,
541 1965 590 1992 118
608 1961 676 1992 3111
693 1961 834 1992 18111818
857 1952 1043 2004 desperet,
1071 1957 1226 2001 propter

100 2002 307 2053 ignaviam,
338 2014 406 2045 aut
434 2008 549 2046 nimis
578 2007 768 2069 confidat,-
785 2014 939 2058 propter
962 2004 1223 2056 cupiditatem.

102 2057 152 2094 In
171 2059 349 2098 omnibus
368 2069 498 2099 autem
516 2061 692 2112 negotiis,
710 2061 831 2113 prius,
851 2072 971 2112 quam
988 2057 1222 2110 aggrediare,

100 2110 315 2151 adhibenda
333 2123 388 2152 est
406 2128 511 2166 praep
513 2116 632 2154 aratio
649 2115 822 2166 diligens.

155 2164 298 2204 XXII.
329 2168 418 2215 Sed,
448 2182 537 2208 cum
556 2169 729 2220 plerique
746 2168 976 2207 arbitrentur
993 2179 1052 2205 res
1070 2164 1225 2205 bellicas

101 2219 261 2269 majores
281 2233 359 2260 esse
378 2235 496 2274 quam
519 2225 710 2270 urbana-53
740 2221 950 2262 minuenda
967 2227 1024 2260 851
1042 2219 1124 2260 haec
1141 2218 1226 2270 opi-
