1470 2402
217 70 297 108 454
574 70 992 112 PHAENOMENA.

217 177 268 217 Se
287 179 421 231 recipit
439 180 570 219 sedes:
600 180 692 219 huic
709 181 793 219 orbi
811 181 986 233 quinque
1002 180 1157 219 tributae
1263 177 1346 217 286

217 232 262 270 N
263 241 432 272 octurnae
449 243 576 286 partes
592 249 604 281 3
636 236 775 287 supera
793 242 869 274 tres
886 235 974 274 luce
991 234 1180 273 dioentur.

217 286 347 326 Hasce
360 288 474 338 inter,
495 290 664 328 mediam
683 291 724 328 in
738 298 902 341 partem,
916 289 1078 328 retinere
1094 288 1248 328 videtur

217 340 387 391 Tantus,
408 352 576 396 quantus
595 344 666 382 erit
683 345 875 383 collucens
894 344 1060 383 Lacteus
1078 343 1196 390 orbis,

216 393 266 433 In
286 410 364 449 quo
383 399 635 446 auctumnali‚
656 407 773 451 atque
790 399 931 437 iterum
952 399 1008 437 sol
1024 397 1175 436 lumine
1193 408 1310 436 verno

213 450 410 504 Exaequat
425 453 593 504 spatium
613 454 709 492 lucis
727 467 816 492 cum
837 461 1008 505 tempore
1026 452 1161 492 noctis.
1261 450 1340 490 291

213 504 336 544 Hunc
354 507 519 546 retinens
540 508 650 546 Aries
669 509 844 547 sublucet
861 520 1017 559 corpore
1035 514 1152 554 totus,

214 559 348 612 Atque
366 574 469 612 genu
489 562 589 601 flexo
608 562 766 601 Taurus
792 563 1000 601 connititur
1016 561 1152 614 ingens
1164 574 1177 600 ε

215 614 339 653 Orion
359 616 460 654 claro
479 617 704 668 contingens
722 630 877 669 corpore
895 617 1017 655 fertur
1033 631 1044 655 :

213 668 354 721 Hydra
372 678 475 709 tenet
494 671 597 709 flexu
618 672 817 710 Crateram
833 686 842 707 :
874 672 1023 710 Corvus
1037 670 1229 709 adhaeret:
1257 671 1338 709 295

212 723 268 762 Et
287 737 421 776 paucae
441 738 461 763 e
482 725 615 765 Chelis
635 727 773 771 stellae;
804 725 922 764 simul
943 725 1242 777 Anguitenentis

211 778 313 816 Sunt
324 792 465 830 genua,
478 788 515 819 et
533 781 677 818 summi
690 781 718 819 J
722 781 802 819 ovis
819 781 910 819 Ales
923 781 1083 818 nuntius
1099 780 1217 818 instat
1232 793 1244 818 ε

213 832 376 884 Propter
391 833 531 886 Equus
551 836 674 887 capite
687 843 725 873 et
736 836 928 874 cervicum
946 834 1096 873 lumine
1113 834 1250 886 tangit.

212 886 342 926 Hosce
361 902 473 940 aequo
492 890 616 942 spatio
635 889 829 929 devinctos
848 890 1010 928 sustinet
1027 889 1126 937 axis,

212 941 288 980 Per
307 943 453 982 medios
472 957 626 983 summo
645 945 728 983 coeli
746 944 794 983 de
814 945 950 983 vertice
969 951 1138 982 tranans.
1262 942 1344 982 300

212 995 287 1034 Ille
306 1006 437 1036 autem
456 999 559 1038 claro
577 1008 739 1052 quartus
759 1012 849 1038 cum
867 999 1016 1037 lumine
1035 999 1158 1037 circus

212 1050 395 1091 Partibus
415 1053 597 1092 extremis
616 1062 807 1092 extremos
824 1054 993 1092 continet
1011 1055 1136 1102 orbae,

212 1104 268 1144 Et
286 1106 404 1145 simul
423 1121 446 1145 a
460 1108 588 1146 medio
606 1108 735 1146 media
752 1108 800 1147 de
819 1117 928 1160 parte
946 1115 1108 1156 secatur,

212 1160 345 1213 Atque
363 1162 546 1214 obliquus
565 1163 606 1201 in
624 1163 686 1201 his
706 1163 832 1202 nitens
851 1176 941 1202 cum
959 1162 1109 1201 lumine
1126 1161 1250 1201 fertur
1265 1175 1277 1199 ε

211 1214 269 1253 Ut
288 1227 416 1265 nemo,
438 1217 500 1255 cui
520 1225 650 1256 sancta
667 1230 788 1256 manu
807 1217 1027 1256 doctissima
1046 1217 1176 1255 Pallas
1264 1216 1345 1254 ³05

210 1269 415 1309 Sollertem
434 1271 518 1324 ipsa
537 1271 642 1310 dedit
660 1272 814 1311 fabricae
832 1272 1044 1310 rationibus
1062 1279 1199 1320 artem,

210 1323 315 1362 Tam
335 1333 486 1364 tornare
504 1335 587 1365 cate
605 1334 796 1366 contortos
813 1326 955 1379 possiet
973 1327 1098 1374 orbes,

215 1377 349 1426 Quam
369 1388 459 1418 sunt
478 1380 518 1419 in
538 1381 632 1420 coelo
650 1381 781 1420 divino
799 1381 960 1420 numine
979 1380 1085 1424 flexi,

210 1432 375 1472 Terram
394 1435 602 1487 cingentes,
624 1443 802 1474 ornantes
819 1436 970 1474 lumine
988 1435 1209 1482 mundum;

210 1488 393 1527 Culinine
412 1497 626 1528 transverso
645 1490 851 1528 retinentes
870 1489 997 1528 sidera
1013 1489 1126 1528 fulta.
1263 1488 1345 1528 310

209 1542 411 1590 Quattuor
430 1544 471 1582 hi
491 1553 599 1583 motu
620 1545 748 1583 cuncti
768 1545 978 1583 volvuntur
996 1543 1145 1583 eodem.

210 1597 286 1635 Sed
308 1606 458 1636 tantum
479 1612 596 1651 supra
615 1608 733 1638 terras
753 1612 903 1652 semper
921 1606 1026 1638 tenet
1043 1598 1111 1637 ille

211 1651 478 1701 Curi-iculum,
499 1654 655 1706 oblique
674 1654 870 1706 implexus
889 1654 1012 1692 tribus
1030 1653 1189 1692 orbibus
1207 1666 1325 1704 unus,

211 1706 373 1754 Quanto
392 1715 447 1746 est
466 1707 611 1747 divisus
631 1709 778 1747 Cancer
796 1708 919 1761 spatio
937 1721 962 1746 a
980 1708 1229 1760 Capricorno,

209 1765 274 1799 Ac
292 1763 422 1800 subter
441 1771 558 1801 terras
578 1763 747 1815 spatium
766 1776 837 1815 par
856 1776 935 1802 esse
953 1775 1103 1801 necesse
1122 1770 1179 1801 est
1195 1777 1206 1801 x
1263 1763 1345 1802 315

210 1814 267 1853 Et
287 1827 451 1868 quantos
471 1817 595 1856 radios
611 1818 777 1868 jacimus
797 1817 845 1856 de
862 1817 1013 1856 lumine
1037 1824 1182 1864 nostro,

211 1869 335 1918 Queis
356 1870 462 1910 hunc
481 1884 698 1910 convexum
719 1872 802 1911 coeli
822 1872 1082 1923 contingimus
1101 1873 1249 1921 orbem,

210 1925 288 1963 Sex
308 1933 424 1964 tantae
443 1935 623 1977 poterunt
643 1928 715 1965 sub
735 1940 824 1965 eum
844 1927 1043 1965 succedere
1061 1935 1204 1978 partes,

211 1978 315 2017 Bina
334 1980 417 2031 pari
437 1981 559 2032 spatio
578 1982 743 2020 coelestia
762 1981 873 2032 signa
891 1988 1075 2019 tenentes.
1262 1982 1344 2022 319

212 2032 425 2072 zodiacum
445 2035 549 2074 hunc
570 2036 696 2074 Graeci
718 2036 898 2083 vocitant,
919 2035 1117 2088 nostrique
1136 2035 1269 2074 Latini

212 2086 362 2127 Orbem
381 2089 608 2140 signiferum
627 2090 888 2142 perhibebunt
906 2089 1063 2128 nomine
1081 2103 1196 2128 vero:

211 2141 321 2180 Nam
339 2144 437 2194 gerit
456 2143 518 2183 hic
538 2145 695 2184 volvens
713 2145 774 2184 bis
791 2158 859 2184 sex
878 2144 1053 2183 ardentia
1070 2144 1194 2196 signa.

212 2196 375 2236 AEstifer
394 2205 448 2237 est
468 2199 642 2250 pandens
661 2199 850 2238 ferventia
867 2199 992 2238 sidera
1010 2201 1174 2238 Cancer.

212 2250 332 2290 Hunc
351 2254 481 2292 subter
498 2253 654 2306 fulgens
672 2254 774 2294 cedit
791 2254 848 2293 vis
867 2262 975 2293 torva
994 2253 1163 2299 Leonis;
1262 2254 1343 2294 324
