1470 2402
213 140 297 187 ΒΕ
321 138 743 196 DIVINATIONE,
766 147 864 185 Lm.
888 148 945 185 11.
977 146 1082 185 CAP.
1104 148 1168 184 58.
1198 146 1252 189 97

136 268 224 294 sum
242 255 403 307 decepit,
423 257 485 295 vel
505 255 767 307 Chrysippum
790 256 972 307 potuisset
991 255 1144 293 fallere:
1175 253 1257 291 haec

135 323 225 348 vero
242 322 291 348 ne
310 311 525 362 Epicurum
544 310 713 361 quidem.

190 364 328 403 LVII.
369 365 444 403 Sed
469 365 589 415 (quod
614 372 727 415 caput
754 371 823 409 est)
852 377 918 402 cur
942 364 1013 402 isto
1036 363 1150 401 modo
1173 362 1255 410 jam

135 419 290 456 oracula
308 418 472 470 Delphis
484 431 560 456 non
573 418 751 465 eduntur,
766 431 842 456 non
861 418 976 455 modo
991 418 1118 454 nostrii
1132 424 1255 460 aetate,

137 472 199 510 sed
225 472 390 521 jamdiu,
416 480 461 510 ut
484 472 600 510 modo
625 472 722 509 nihil
749 473 865 523 possit
895 485 972 509 esse
997 470 1223 509 contemtius
1238 471 1255 506 Ρ

139 526 229 565 Ηο0
246 526 329 564 1000
354 539 443 564 011111
468 533 666 577 urgentur,
691 527 900 573 evanuisse,
925 526 1046 573 aiunt,
1072 531 1257 562 vetustate

138 580 217 618 vim
237 581 310 618 loci
323 581 419 629 ejus,
439 580 541 618 unde
552 580 743 618 anhelitus
756 581 819 618 ille
834 588 941 618 terrae
956 579 1073 625 fieret,
1090 591 1166 629 (1110
1182 578 1258 628 Py-

140 634 235 682 thia,
261 643 390 672 mente
414 635 583 681 incitata,
617 634 770 672 oracula
801 635 936 672 ederet.
986 633 1048 671 De
1077 634 1165 670 w'no
1193 640 1261 669 aut

141 689 369 726 salsamento
400 696 513 740 putes
537 689 658 739 loqui,
690 702 778 739 quae
806 695 1034 726 evanescunt
1063 694 1260 725 vetustate.

141 742 206 780 De
227 742 266 780 vi
292 742 366 780 loci
392 743 532 793 agitur,
553 755 678 794 neque
706 743 830 780 solum
856 741 1036 787 naturali,
1058 741 1121 778 sed
1146 740 1261 778 etiam

142 796 273 834 divina
289 810 301 842 ς
331 810 418 848 quae
437 809 514 848 quo
533 797 688 834 tandem
699 796 815 834 modo
827 796 981 833 evanuit
998 798 1014 834 Ρ
1045 796 1261 839 Vetustate,

141 850 304 901 inquies.
352 850 453 898 Quae
478 858 643 888 vetustas
663 858 732 895 est,
754 864 841 901 quae
860 850 937 887 vim
958 849 1127 886 divinam
1147 848 1266 886 confi-

144 918 226 943 cere
243 905 392 956 possit?
423 905 532 952 Quid
559 911 638 941 tam
659 904 834 942 divinum
857 912 1000 949 autem,
1022 916 1139 954 quam
1159 902 1266 940 affla-

143 967 206 997 tus
232 972 280 997 ex
298 958 398 996 terra
415 966 584 996 mentem
604 958 658 996 ita
684 971 855 1005 movens,
883 966 927 995 ut
952 971 1036 995 eam
1065 957 1266 1007 providam

144 1025 273 1051 rerum
308 1012 527 1050 futurarum
560 1012 708 1058 efficiat,
742 1021 787 1050 ut
817 1025 861 1049 ea
892 1024 969 1049 non
1000 1011 1114 1049 modo
1140 1018 1266 1048 cernat

145 1067 270 1104 multo
290 1074 390 1113 ante,
412 1066 477 1104 sed
496 1066 610 1104 etiam
630 1079 790 1104 numero
809 1078 996 1117 versuque
1014 1065 1265 1116 pronuntiet?

147 1120 315 1168 Quando
334 1129 462 1158 autem
482 1120 554 1158 ista
579 1121 634 1158 vis
654 1120 840 1158 evanuit?
883 1121 951 1157 An
975 1127 1178 1170 postquam
1198 1119 1268 1156 ho-

146 1175 270 1213 mines
291 1175 420 1213 minus
445 1175 589 1213 creduli
614 1187 692 1212 esse
721 1174 942 1226 coeperunt?
991 1173 1268 1211 Demosthenes

148 1229 320 1281 quidem,
334 1229 401 1281 qui
421 1229 559 1267 abhinc
578 1241 696 1266 annos
714 1242 832 1280 prope
851 1228 954 1266 (CC
973 1227 1061 1273 fuit,
1083 1229 1164 1276 jam
1184 1234 1269 1264 tum

149 1287 373 1327 Φιλιππιζειν
394 1283 576 1334 Pythiam
596 1282 758 1330 dicebat,
783 1282 842 1331 [id
857 1291 924 1328 est,
946 1282 1055 1333 quasi
1069 1294 1157 1319 curn
1176 1281 1270 1318 Phi-

148 1337 255 1388 lippo
268 1336 422 1389 facere.]
469 1337 557 1375 Hoc
586 1345 715 1375 autem
744 1350 788 1375 eo
817 1338 1023 1387 spectabat,
1056 1343 1101 1373 ut
1133 1348 1217 1373 eam
1248 1348 1271 1372 a

152 1391 335 1442 Philippo
354 1399 570 1442 corruptam
590 1391 753 1429 diceret:
785 1404 862 1442 quo
881 1391 967 1429 licet
987 1390 1216 1436 existimare,
1230 1389 1271 1426 111

151 1445 235 1483 31115
265 1458 419 1497 quoque
445 1445 606 1484 oraculis
634 1445 833 1496 Delphicis
861 1445 1007 1496 aliquid
1034 1457 1111 1481 non
1139 1443 1272 1482 sinceri

152 1499 280 1538 fuisse.
310 1499 400 1547 Sed,
413 1500 538 1538 nescio
553 1499 783 1550 quomodo,'
774 1500 836 1537 1511
846 1498 1078 1550 philosophi,
1093 1497 1273 1549 supersti-

152 1553 251 1599 tiosi,
271 1560 309 1592 et
326 1566 434 1605 paene
452 1554 621 1602 fanatici,
642 1553 793 1605 quidvis
810 1553 927 1591 mane
942 1553 1131 1598 videntur,
1153 1564 1272 1603 quam

154 1620 193 1645 se
218 1620 294 1645 non
322 1607 481 1659 ineptos.
526 1607 739 1646 Evanuisse
764 1607 957 1654 mavultis,
987 1615 1023 1645 et
1042 1606 1273 1644 exstinctum

153 1674 232 1700 esse
250 1661 304 1709 id,
320 1662 438 1713 quod,
459 1662 490 1700 si
508 1675 682 1713 unquam
693 1661 838 1709 fuisset,
855 1669 953 1700 certe
964 1668 1149 1699 aeternum
1164 1666 1274 1707 esset,

155 1729 275 1767 quam
303 1728 361 1763 ea,
383 1729 471 1768 quae
489 1729 566 1754 non
585 1724 674 1754 sunt
687 1716 887 1763 credenda,
907 1728 983 1753 non
1003 1714 1164 1752 credere.

210 1769 374 1808 LVIII.
417 1770 561 1808 Similis
599 1778 654 1808 est
690 1784 791 1808 error
826 1770 867 1807 in
897 1769 1078 1813 5011111115;
1109 1780 1275 1818 quorum

157 1824 315 1876 quidem
333 1823 501 1862 defensio
522 1824 681 1875 repetita
706 1837 824 1875 quam
847 1824 962 1874 longe
987 1823 1069 1860 est!
1113 1821 1276 1859 Divinos

156 1878 305 1916 animos
331 1884 483 1916 censent
507 1891 584 1916 esse
609 1886 768 1926 nostros,
795 1891 933 1929 eosque
959 1890 1037 1915 esse
1055 1884 1191 1914 tractos
1210 1889 1277 1913 ex-

156 1932 362 1978 trinsecus,
383 1933 677 1983 animorumque
695 1932 1012 1970 consentientium
1029 1929 1280 1968 multitudine

157 1987 392 2038 completum
412 1999 489 2024 esse
507 1986 723 2024 mundum:
753 1987 825 2024 hac
854 1986 971 2036 igitur
993 1984 1132 2022 mentis
1158 1991 1195 2022 et
1218 1984 1279 2035 ip-

158 2040 237 2078 sius
267 2040 477 2088 divinitate,
499 2047 536 2078 et
559 2040 824 2090 conjunctione
849 2053 937 2078 cum
956 2039 1120 2077 externis
1138 2039 1279 2076 menti*

158 2096 245 2142 bus,
266 2095 381 2142 cerni,
398 2108 485 2145 quae
496 2095 572 2132 sint
588 2094 731 2132 futura.
762 2094 946 2133 Contrahi
960 2101 1088 2131 autem
1104 2093 1278 2130 animum

162 2148 283 2195 Zeno,
305 2156 342 2186 et
360 2149 470 2200 quasi
487 2149 567 2186 labi
588 2156 699 2200 putat
723 2155 838 2200 atque
861 2147 1068 2193 concidere,
1090 2154 1126 2184 et
1150 2147 1280 2197 ipsum

161 2215 240 2242 esse
257 2203 433 2240 dormire.
462 2203 491 2240 J
494 2215 557 2240 am
578 2203 815 2254 Pythagoras
833 2210 870 2240 et
890 2202 1016 2246 Plato,
1030 2200 1282 2252 locupletissi-

163 2256 220 2294 mi
237 2263 420 2304 auctores,
441 2269 518 2308 quo
536 2257 575 2294 in
596 2257 738 2296 somnis
763 2257 919 2296 certiora
944 2255 1156 2303 videamus,
1182 2267 1282 2306 prae-

214 2311 404 2359 (Philas.)
425 2322 529 2349 VOL.
554 2322 615 2350 IV.
925 2321 953 2348 1(
