1470 2402
229 95 320 134 2136
430 96 509 136 DE
538 97 802 150 LEGIBUS,
823 99 926 139 ΜΒ.
947 99 983 139 1.
1003 98 1110 140 off.
1129 99 1168 146 7.

233 216 399 256 eamque
416 218 498 244 rem
515 206 574 245 illi
593 207 729 248 Graeco
746 216 885 261 putant
902 203 1073 256 nomine,
1093 221 1118 246 a
1139 219 1255 246 suum
1273 203 1356 244 eui·

236 271 315 309 que
335 261 548 310 tribuendo,
573 263 831 313 appellatam3
861 277 945 315 ego,
966 270 1108 310 nostro,
1128 276 1152 300 a
1171 261 1355 311 legendo.-

237 323 345 359 nam,
364 321 409 351 ut
425 314 484 352 illi
502 317 704 367 aequitatis,
732 318 784 356 sic
809 330 878 356 nos
903 318 1082 365 delectas,
1103 317 1183 354 vim
1207 316 1249 352 in
1273 315 1359 364 lege

238 367 447 416 ponimus;
478 376 515 406 et
546 371 745 421 proprium
775 380 905 410 tamen
933 380 1143 422 utrumque
1169 368 1264 420 legis
1292 374 1360 405 est·

239 420 360 467 Quod
378 422 410 459 si
427 422 480 459 ita
498 432 596 461 recte
615 424 767 474 dieitur,
787 434 832 464 ut
849 425 947 463 mihi
961 425 1118 476 quidem
1131 423 1361 475 plerumque

240 474 360 512 videri
391 477 510 523 solet3
542 491 565 514 a
592 478 678 529 lege
695 479 915 518 ducendum
942 487 998 517 est
1021 479 1118 528 juris
1145 476 1359 516 exordium.

240 527 304 565 Ea
323 536 379 566 est
398 530 500 568 enim
527 539 674 570 naturae
698 533 778 578 vis3
810 547 854 572 ea
877 546 987 572 mens
1004 533 1177 584 ratioque
1194 529 1363 582 pruden-

242 582 291 620 tis
307 596 319 627 ;
351 596 395 620 ea
410 585 507 633 juris
526 594 641 638 atque
659 587 810 636 injuriae
835 588 978 638 regula.
1009 586 1098 635 Sed,
1119 584 1303 638 quoniam
1322 583 1364 620 in

241 637 420 687 populari
438 639 584 677 ratione
602 641 726 678 omnis
745 649 873 679 nostra
891 649 1061 679 versatur
1085 640 1219 688 oratio,
1239 650 1364 690 popu-

238 690 369 728 lariter
396 691 590 730 interdum
618 694 725 746 loqui
751 708 900 734 necesse
928 695 1012 742 erit,
1042 702 1079 732 et
1106 706 1192 732 eam
1219 693 1360 742 legem,

241 757 330 795 quae
358 745 496 796 scripto
525 748 645 785 sancit
670 749 774 800 quod
799 749 896 797 vult,
923 757 990 787 aut
1011 748 1183 798 jubendo
1209 755 1277 784 aut
1300 758 1365 783 ve-

241 798 373 845 tando,
395 807 439 836 ut
458 801 611 851 vulgu8‚
632 803 836 854 appellare.
867 802 1135 841 Constituendi
1153 813 1242 839 vero
1263 799 1362 848 juris

241 853 291 889 ab
310 852 379 890 issa
399 854 551 892 summa
568 856 652 906 lege
671 858 867 909 capiamus
881 857 1096 903 exordium,
1113 869 1200 907 quae
1219 853 1365 892 saeculis

242 907 424 946 omnibus
451 917 539 947 ante
565 919 656 948 nata
682 919 751 959 est,
777 925 897 963 quam
923 911 1063 963 scripta
1086 911 1150 948 lex
1176 909 1271 958 uJJa,
1297 915 1366 946 aut

243 973 364 1011 quam
383 962 541 1001 omnino
560 964 690 1003 civitas
709 966 926 1004 constituta.

304 1015 485 1059 Quintus.
517 1017 768 1057 Commodius
794 1033 896 1068 vero,
918 1026 955 1058 et
980 1019 1030 1057 ad
1048 1019 1234 1056 rationem
1258 1015 1367 1054 insti-

243 1069 318 1106 tuti
338 1071 520 1109 sermonis
539 1073 757 1123 sapientius.
787 1076 969 1112 Marcus.
985 1073 1107 1111 Visne
1126 1084 1230 1123 ergo,
1244 1070 1366 1122 ipsius

234 1123 341 1172 juris
359 1132 488 1161 ortum
521 1139 543 1162 a
575 1127 680 1164 fonte
712 1130 960 1180 repetamus?
991 1140 1067 1178 quo
1092 1127 1262 1173 invento,
1288 1137 1367 1162 non

243 1177 316 1215 erit
335 1177 513 1227 dubium,
535 1193 612 1231 quo
627 1181 703 1219 sint
720 1182 802 1220 haec
813 1182 1022 1229 referenda,
1036 1194 1124 1232 quae
1142 1179 1363 1232 quaerimus.

248 1231 431 1275 Quintus.
452 1233 539 1284 Ego
559 1247 646 1272 vero
665 1236 718 1273 ita
742 1237 961 1274 faciendum
981 1248 1059 1273 esse
1082 1247 1226 1273 censeo.
1256 1233 1366 1270 Atti-

243 1298 322 1323 cus.
338 1286 409 1324 Me
429 1300 581 1339 quoque
601 1289 801 1328 adscribito
815 1291 940 1328 fratris
956 1289 1161 1328 sententiae.
1183 1289 1366 1326 Marcus.

245 1340 442 1386 Quoniam
462 1342 580 1392 igitur
598 1345 679 1392 ejus
699 1345 930 1395 reipublicae,
952 1356 1070 1395 quam
1089 1343 1277 1394 optimam
1289 1354 1368 1379 oese

244 1393 374 1431 docuit
393 1395 433 1432 in
453 1395 528 1434 illis
548 1409 614 1435 sex
632 1398 739 1436 libris
759 1399 899 1450 Scipio,
921 1397 1106 1436 tenendus
1126 1405 1182 1435 est
1200 1396 1310 1434 nobis
1328 1403 1367 1433 et

245 1448 452 1486 servandus
490 1458 622 1499 status,
659 1465 867 1504 omnesque
900 1453 1002 1503 leges
1036 1449 1368 1489 accommodandae

244 1502 294 1539 ad
323 1502 423 1540 illud
451 1504 612 1543 civitatis
639 1519 774 1557 genus,
805 1507 952 1545 serendi
981 1507 1097 1544 etiam
1124 1517 1263 1551 mores,
1294 1517 1365 1542 nec

244 1556 392 1607 scriptis
425 1558 555 1596 omnia
584 1561 811 1606 sancienda3
841 1568 1011 1612 repetam
1043 1560 1199 1610 stirpem
1222 1558 1320 1608 juris
1345 1571 1369 1596 a

244 1610 395 1659 natura,
424 1611 501 1663 qua
528 1613 624 1652 duee
650 1623 705 1652 est
730 1616 840 1653 nobis
862 1615 986 1653 omnis
1010 1614 1217 1664 disputatio
1245 1612 1368 1664 expli-

243 1665 378 1703 canda.
408 1668 578 1704 Atticus.
607 1669 859 1708 Rectissime:
891 1677 928 1707 et
954 1668 1128 1720 quidem,
1155 1666 1227 1705 ista
1256 1666 1366 1716 duee,

245 1720 362 1757 errari
380 1721 489 1758 nullo
508 1730 618 1772 pacto
637 1731 772 1773 potest.

301 1774 401 1812 VII.
434 1776 614 1812 ssiat-cus.
644 1777 777 1815 Dasne
789 1777 907 1828 igitur
925 1777 997 1815 hoc
1015 1777 1139 1824 nobis,
1158 1775 1366 1826 Pomponi,

247 1831 358 1869 (nam
378 1828 518 1876 Quinti
536 1830 625 1867 novi
644 1832 887 1879 sententiam)
901 1831 1076 1869 Deorum
1088 1829 1368 1868 inmiortalium

248 1881 301 1928 vi,
329 1881 479 1931 natura,
499 1883 657 1932 ratione,
678 1893 877 1936 potestate,
903 1892 1046 1932 mente,
1073 1884 1247 1931 numine,
1274 1883 1371 1926 (sive

248 1936 353 1986 quod
372 1944 427 1974 est
445 1937 550 1974 aliud
569 1941 744 1988 verbum,
764 1953 841 1991 quo
859 1939 1012 1991 planius
1037 1937 1246 1989 significem
1265 1937 1370 1989 quod

247 1989 350 2035 volo)
367 1999 545 2028 naturam
561 2005 715 2030 omnem
735 1993 842 2044 regi?
872 2006 978 2041 nam,
995 1993 1025 2030 si
1036 1993 1108 2031 hoc
1119 2004 1196 2029 non
1215 1993 1368 2043 probas,

250 2044 300 2080 ab
320 2056 363 2080 eo
382 2045 491 2082 nobis
511 2058 623 2084 causa
641 2048 823 2086 ordienda
841 2055 896 2086 est
914 2047 1168 2099 potissimum.
1199 2047 1370 2083 Atticus.

252 2095 319 2134 Do
339 2110 441 2145 sane,
463 2099 494 2136 si
513 2102 683 2149 postulas
700 2116 710 2138 ε
742 2102 897 2149 etenim,
918 2109 1071 2152 propter
1089 2101 1192 2138 hunc
1212 2111 1371 2138 concen-

249 2157 338 2188 tum
356 2151 486 2189 avium
499 2155 776 2208 strepitumque
794 2156 1017 2202 fluminum,
1032 2167 1110 2192 non
1124 2167 1267 2200 vereor,
1283 2165 1373 2191 con-

242 2203 528 2257 discipulorum
558 2209 694 2260 nequis
723 2209 914 2249 exaudiat.
958 2211 1140 2248 stlarcm.
1167 2207 1294 2261 Atqui
1312 2220 1372 2246 ca·
1432 2239 1438 2244 .
