1470 2402
225 118 279 156 30
334 115 412 155 DE
432 114 854 166 DIVINATIONE,
875 115 975 156 Lm.
996 116 1031 156 Ι.
1048 116 1154 158 CAP.
1169 119 1236 158 34.

220 237 339 264 3111105
357 231 566 276 auguratus
584 232 640 263 est
653 239 665 271 ;
688 232 724 263 et
737 224 835 264 utin
853 225 972 265 Sullae
986 225 1170 278 scriptum
1184 226 1341 266 historia

221 280 408 327 videmus,
429 278 547 330 quod,
567 286 605 317 te
623 279 870 330 inspectante,
897 279 1041 318 factum
1069 287 1138 329 est,
1164 288 1224 329 ut,
1249 294 1339 320 cum

220 334 286 372 ille
312 334 353 371 in
379 346 469 384 agro
496 333 651 371 Nolano
675 333 891 372 immolaret
916 341 1005 372 ante
1026 334 1262 385 praetorium,
1291 337 1341 374 ab

219 388 355 426 infima
373 388 439 425 ara
457 387 582 425 subito
600 387 735 438 anguis
758 395 978 438 emergeret,
1007 400 1096 425 cum
1114 388 1272 440 quidem
1291 389 1337 427 C.

220 441 441 480 Postumius
454 441 646 492 haruspex
660 448 782 479 oraret
795 441 922 487 illum,
941 449 987 480 ut
1000 441 1040 480 in
1056 442 1338 493 expeditionem

220 496 428 535 exercitum
449 494 646 540 educeret;
667 495 707 532 id
726 507 814 533 cum
834 495 943 534 Sulla
960 495 1118 544 fecisset,
1146 503 1231 534 tum
1249 504 1338 535 ante

218 550 404 602 oppidum
430 549 576 588 Nolam
601 548 866 587 florentissima
883 549 1117 588 Samnitium
1136 556 1257 589 castra
1275 563 1335 590 ce-

247 613 288 643 lt·

219 618 246 656 P
271 659 390 696 Facta
404 657 619 706 conjectura
637 656 752 695 etiam
767 656 807 694 in
826 656 1014 708 Dionysio
1029 663 1084 696 est
1097 658 1214 708 paulo
1232 664 1334 706 ante,

215 725 333 764 quam
353 724 508 762 regnare
527 711 662 762 coepit.
695 710 762 761 qui
788 723 891 759 cum,
921 723 989 762 per
1013 724 1150 772 agrum
1176 711 1336 750 Leonti-

213 779 310 805 num
334 766 404 804 iter
428 765 582 813 faciens,
613 777 758 825 equum
780 764 861 815 ipse
885 763 1124 803 demisisset
1113 777 1154 802 111
1172 765 1354 815 flumen,.

213 823 434 859 submersus
468 832 588 870 equus
620 818 878 869 voraginibus,
908 831 986 856 non
1018 818 1186 857 exstitit.
1217 833 1335 871 quem

213 888 302 913 cum
332 873 504 912 maxima
533 872 771 911 contentione
803 885 880 910 non
909 872 1092 924 potuisset
1121 874 1332 923 extrahere,

211 929 391 974 discessit,
421 936 466 965 ut
483 927 537 965 ait
556 927 755 975 Philistus,
786 940 884 978 aegre
901 927 1037 965 ferens.
1079 926 1183 965 Cum
1201 936 1332 967 autem

209 982 494 1034 aliquantulum
512 994 730 1032 progressus
749 989 857 1030 esset,
887 981 1012 1019 subito
1031 981 1226 1020 exaudivit
1243 982 1331 1020 hin-

208 1038 350 1084 nitum,
370 1036 622 1087 respexitque,
637 1043 674 1073 et
688 1048 832 1087 equum
844 1035 1006 1073 alacrem
1016 1035 1127 1073 laetus
1141 1035 1330 1087 adspexit,

208 1092 317 1141 cujus
335 1091 376 1128 in
391 1091 488 1140 juba
507 1102 668 1128 examen
682 1102 800 1140 apum
815 1089 1051 1127 consederat·
1073 1089 1192 1137 Quod
1205 1098 1331 1128 osten-

207 1153 293 1184 tum
312 1144 448 1183 habuit
465 1144 563 1182 113116
583 1143 677 1193 vim,
707 1150 751 1182 ut
769 1143 980 1194 Dionysius
997 1143 1128 1195 paucis
1145 1151 1232 1195 post
1249 1144 1330 1184 die-

209 1201 281 1238 bus
299 1211 455 1250 regnare
473 1198 636 1249 coeperit.

261 1252 465 1293 XXXIV.
482 1251 614 1300 Quid.
605 1254 622 1279 ’ν
638 1250 953 1300 Lacedaemoniis,
968 1251 1085 1303 paulo
1099 1258 1192 1291 ante
1202 1252 1329 1293 Leuc-

207 1308 342 1347 tricam
371 1307 641 1355 calamitatem,
671 1319 757 1358 quae
777 1306 1001 1358 significatio
1018 1305 1119 1345 facta
1137 1314 1207 1355 est,
1232 1320 1328 1347 cum

207 1363 250 1400 in
269 1361 447 1400 Herculis
466 1360 555 1399 fano
574 1374 681 1398 arma
695 1368 917 1408 sonuerunt,
934 1359 1190 1412 Herculisque
1208 1360 1328 1400 simu-

206 1417 354 1455 lacrum
379 1415 503 1453 multo
527 1414 662 1465 sudore
686 1414 888 1453 manavit?
927 1414 987 1452 At
1005 1413 1138 1452 eodem
1155 1422 1328 1467 tempore

207 1470 368 1518 Thebis,
408 1477 453 1507 ut
489 1468 543 1507 ait
575 1468 838 1515 Callisthenes,
878 1468 919 1506 in
951 1468 1096 1519 templo
1129 1468 1324 1518 Herculis,

206 1525 340 1572 valvae,
370 1524 507 1562 clausae
524 1522 729 1574 repagulis,
759 1523 884 1561 subito
898 1535 937 1560 se
954 1522 1047 1573 ipsae
1065 1531 1322 1573 aperuerunt;

206 1591 402 1630 armaque,
432 1591 519 1630 quae
551 1577 629 1615 fixa
657 1577 698 1614 in
727 1576 934 1628 parietibus
965 1576 1132 1624 fuerant,
1162 1589 1207 1615 ea
1234 1586 1324 1616 sunt

205 1633 316 1672 humi
341 1632 505 1670 inventa.
536 1631 715 1682 Cumque
734 1630 866 1669 eodem
886 1637 1055 1682 tempore
1073 1630 1178 1682 apud
1197 1630 1324 1670 Leba-

206 1688 311 1726 diam
331 1685 554 1737 Trophonio
578 1698 636 1724 res
661 1684 791 1723 divina
808 1685 926 1746 fieret,
956 1684 1077 1736 gallos
1095 1684 1323 1735 gallinaceos

205 1743 247 1780 in
265 1753 309 1780 eo
326 1740 409 1778 loco
427 1740 479 1778 sic
497 1739 645 1778 assidue
663 1751 794 1777 canere
820 1738 986 1790 coepisse,
1015 1745 1060 1776 111
1086 1738 1183 1779 nihil
1207 1738 1325 1781 inter-

205 1795 423 1835 mitterent:
453 1801 537 1832 tum
562 1805 724 1844 augures
746 1792 886 1831 dixisse
903 1792 1085 1854 Boeotios,
1116 1792 1324 1832 Thebano-

205 1862 294 1890 rum
320 1861 398 1888 esse
427 1848 636 1896 victoriam,
665 1854 863 1908 propterea
888 1846 992 1899 quod
1021 1846 1100 1884 avis
1129 1846 1198 1885 illa
1225 1847 1326 1886 victa

205 1905 314 1944 silere
331 1903 479 1950 soleret,
507 1914 653 1963 canere,
673 1901 705 1940 si
723 1901 882 1940 vicisset.
911 1900 1141 1952 Eademque
1158 1907 1322 1953 tempes-

203 1966 295 2006 tate,
324 1955 457 1995 multis
474 1955 604 2008 signis,
633 1955 933 1994 Lacedaemoniis
951 1954 1163 1994 Leuctricae
1179 1966 1323 2006 pugnae

202 2010 399 2052 calamitas
416 2009 721 2048 denuntiabatur.
764 2009 806 2048 N
807 2021 949 2061 amque
966 2015 1005 2047 et
1023 2007 1214 2060 Lysandri
1233 2008 1320 2060 (qui

204 2064 583 2105 Lacedaemoniomm
614 2063 844 2102 clarissimus
874 2063 1016 2111 hietat)
1053 2068 1202 2123 5131113,
1231 2075 1321 2114 quae

204 2119 369 2181 Delphis
398 2120 535 2166 stabat,
563 2117 604 2156 in
633 2117 756 2169 capite
784 2129 921 2156 corona
950 2115 1077 2155 subito
1102 2115 1248 2154 exstitit
1271 2129 1321 2155 ex

201 2174 346 2235 asperis
366 2173 494 2213 herbis
518 2179 555 2212 et
579 2172 815 2223 agrestibus.
845 2170 1040 2222 stellaeque
1064 2182 1202 2217 auree,
1232 2183 1320 2221 quae

202 2227 367 2281 Delphis
392 2234 498 2268 erant
523 2239 546 2266 a
565 2225 864 2266 Lacedaemoniis
889 2224 1021 2278 positae
1041 2230 1127 2277 post
1145 2224 1321 2264 navalem
