1470 2402
168 62 178 71 '
243 81 323 121 DE
352 81 616 132 LEGIBUS,
646 81 748 121 LIB.
770 81 830 122 11.
860 80 968 122 cip.
992 81 1054 120 18.
1133 81 1209 127 171

90 196 170 228 aut
175 189 304 230 dolore
328 191 508 243 corporis,
536 198 604 230 aut
626 191 734 230 luctu
759 191 894 239 animi,
920 198 988 228 aut
1006 189 1214 228 offensione

83 244 234 293 judicii,
263 246 467 284 hominum
486 245 655 284 miserias
673 245 957 296 ponderamus·
987 259 1074 296 quae
1091 244 1214 282 fateor

88 298 262 337 humana
276 313 368 348 esse,
389 307 426 338 et
440 300 572 338 multis
586 300 696 338 bonis
716 299 804 338 viris
823 299 1010 338 accidisse.
1054 299 1213 338 Sceleris

89 360 220 391 autem
247 361 303 393 est
326 367 440 406 poena
464 354 606 399 tristis;
637 361 687 400 et,
716 362 854 405 praeter
879 367 941 392 eos
961 361 1117 391 eventus
1144 352 1213 404 qui

89 418 318 458 sequuntur,
349 421 417 460 per
442 421 482 446 se
510 408 594 460 ipsa
618 408 791 446 maxima
816 416 882 447 est.
924 408 1107 446 Vidimus
1133 419 1210 453 eos,

90 462 173 512 qui,
200 462 274 500 nisi
303 463 469 501 odissent
493 462 673 514 patriam,
704 475 906 514 nunquam
931 461 1078 500 inimici
1102 461 1212 499 nobis

88 515 263 564 fuissent,
293 517 466 555 ardentes
491 530 580 555 cum
611 517 831 568 cupiditate,
861 524 948 554 tum
973 524 1095 563 metu,
1126 524 1212 553 tum

89 570 342 610 conscientia:
375 571 469 624 quid
488 580 656 622 agerent,
686 572 801 609 modo
821 571 1024 616 timente53
1046 569 1213 608 vicissim

89 632 374 664 contemnentes
388 626 588 677 religiones
601 640 613 671 ;
632 625 777 675 judicia
790 634 971 677 perrupta
986 627 1034 663 ab
1048 624 1184 663 iisdem
1198 637 1211 670 ;

89 688 267 731 corrupta
284 680 503 727 hominum,
531 693 609 718 non
635 680 822 718 Deorum.
868 680 1096 731 Reprimam
1112 680 1211 728 jam,
1241 702 1246 707 -

90 740 128 771 et
146 746 224 772 non
242 734 422 786 insequar
439 735 605 786 longius,
627 748 748 785 eoque
766 734 909 779 minus,
936 747 1013 785 quo
1027 734 1116 785 plus
1134 747 1214 784 poe-

87 799 228 826 narum
246 788 384 837 habeo,
405 803 523 840 quam
542 789 670 841 petivi.
714 789 889 827 Tantum
907 801 1064 840 ponam,
1088 786 1211 838 [erui]

90 840 284 894 duplicem
314 856 468 904 poenam
498 857 576 882 esse
605 843 791 890 (11ν1113111,
826 843 932 894 quod
959 850 1145 880 constaret
1177 849 1216 879 et

90 897 274 935 vexandis
289 898 465 936 vivorum
484 898 637 944 animis,
659 906 696 935 et
715 910 759 935 ea
773 897 879 935 fama
893 905 1150 935 mortuorum.
1171 902 1217 933 ut

90 963 224 990 eorum
254 952 416 990 exitium
446 961 484 991 et
505 952 650 1003 judicio
675 952 851 990 vivorum
877 959 914 990 et
943 950 1084 1003 gaudio
1110 963 1215 989 com-

89 1008 285 1057 probetur.

143 1061 314 1100 XVIII.
347 1061 450 1113 Agri
486 1069 617 1100 autem
654 1073 702 1100 ne
738 1068 1017 1107 consecrentur,
1057 1058 1215 1098 Platoni

88 1127 243 1166 prorsus
256 1116 464 1163 assentior3
495 1117 577 1169 qui,
599 1116 630 1154 si
648 1116 764 1154 modo
782 1114 1020 1166 interpretari
1038 1122 1213 1165 potuero,

89 1169 150 1208 his
173 1169 252 1209 fere
278 1170 401 1209 verbis
420 1172 566 1210 utitur:
599 1175 627 1194 “
648 1171 773 1209 Τ8113
799 1170 931 1221 igitur,
957 1177 1002 1207 ut
1020 1169 1126 1207 focus
1146 1168 1215 1206 do-

88 1224 336 1273 miciliorum,
364 1238 469 1264 sacra
493 1225 670 1264 Deorum
694 1224 871 1264 omnium
896 1231 963 1262 est.
1005 1223 1212 1271 Quocirca,

89 1290 139 1316 ne
157 1279 243 1331 quis
262 1279 403 1318 iterum
427 1280 531 1318 idem
560 1288 787 1319 consecrato.
829 1279 989 1318 Aurum
1019 1286 1150 1316 autem
1176 1285 1215 1315 et

88 1341 294 1384 argentum
322 1334 364 1372 in
389 1335 565 1383 urbibus,
597 1343 636 1374 et
653 1334 834 1386 privatim
854 1341 892 1372 et
909 1333 949 1371 in
968 1332 1082 1382 fanis,
1113 1332 1214 1370 invi-

89 1387 195 1427 diosa
223 1402 282 1427 res
307 1396 374 1428 est.
423 1389 532 1427 Tum
557 1391 666 1437 ebur,
699 1402 747 1434 ex
764 1388 872 1426 inani
890 1400 1045 1439 corpore
1068 1393 1215 1425 extrac-

90 1449 192 1492 tum,
212 1442 319 1481 haud
337 1443 427 1482 satis
441 1452 589 1483 castum
604 1443 751 1482 donum
771 1442 870 1481 Deo.
913 1442 941 1480 J
945 1454 1009 1479 am
1029 1455 1078 1480 aes
1097 1449 1214 1492 atque

89 1496 250 1546 ferrum,
271 1498 392 1536 duelli
414 1498 683 1545 instrumenta,
710 1510 788 1536 non
807 1497 899 1535 fani.
929 1496 1126 1547 Ligneum
1145 1508 1216 1532 au-

91 1557 186 1599 tem,
215 1552 320 1603 quod
335 1552 422 1603 quis
442 1553 618 1601 voluerit,
638 1565 717 1590 uno
737 1566 757 1590 e
775 1552 881 1602 ligno
900 1550 1087 1598 dedicato,
1103 1549 1215 1587 item-

91 1618 168 1656 que
185 1606 423 1657 lapideum,
413 1619 455 1644 111
473 1607 642 1645 delubris
660 1606 943 1645 communibus.
993 1604 1148 1642 Textile
1165 1616 1216 1642 ne

90 1660 297 1710 operosius,
326 1673 446 1711 quam
474 1661 646 1699 mulieris
674 1674 770 1712 opus
795 1667 1050 1698 menstruum.
1099 1657 1215 1696 Color

91 1722 222 1752 autem
252 1715 363 1752 albus
386 1715 577 1767 praecipue
595 1715 752 1753 decorus
771 1714 857 1752 Deo
877 1721 946 1760 est,
977 1720 1063 1750 tum
1080 1711 1122 1749 in
1141 1724 1214 1750 cae-

90 1767 195 1815 teris,
226 1775 313 1806 tum
342 1769 512 1807 maxime
541 1769 583 1807 in
608 1769 743 1807 textili.
785 1768 928 1807 Tincta
956 1779 1045 1806 vero
1070 1766 1211 1814 absint,

89 1821 164 1860 nisi
189 1836 212 1861 a
236 1822 382 1861 bellicis
406 1823 633 1874 insignibus.
677 1822 928 1860 Divinissima
947 1829 1075 1860 autem
1096 1820 1212 1868 dona,

89 1889 179 1915 aves
212 1885 249 1915 et
277 1877 412 1915 formae
441 1879 489 1916 ab
519 1890 597 1915 uno
629 1877 771 1929 pictore
800 1889 879 1914 uno
908 1875 1093 1914 absolutae
1122 1874 1209 1913 die:

88 1931 261 1983 itemque
286 1939 419 1970 caetera
447 1932 565 1982 hujus
595 1931 762 1983 exempli
791 1931 892 1969 dona
920 1929 1075 1968 sunto.'’
1112 1929 1212 1967 Haec

89 1985 148 2024 illi
166 1986 342 2037 placent:
373 1986 439 2024 sed
457 1999 527 2038 ego
552 1994 687 2025 caetera
711 1998 790 2023 non
815 1993 896 2023 tam
921 1984 1088 2022 restricte
1111 1997 1211 2035 prae,

90 2039 197 2088 finio,
227 2041 290 2079 vel
319 2041 524 2079 hominum
557 2041 610 2079 vi
599 2040 658 2078 115
691 2041 752 2078 vel
783 2038 960 2078 subsidiis
991 2046 1211 2099 temporum

91 2093 224 2133 victus.
254 2095 387 2133 Terrae
406 2095 555 2134 cultum
570 2094 782 2146 segniorem
801 2094 969 2146 suspicor
981 2092 1076 2139 fore,
1096 2092 1142 2139 51,
1162 2091 1212 2130 ad

90 2161 177 2241 {zm
207 2149 404 2198 tuendam,
435 2150 612 2203 ferroque
641 2148 908 2201 subigendam,
936 2145 1214 2200 superstitionis

132 2202 238 2255 quid
256 2204 462 2244 accesserit
