1470 2402
207 96 290 134 338
438 93 517 134 DE
546 93 905 147 SENECTUTE,
925 96 1031 137 CAP-
1049 100 1090 137 6.

209 216 292 243 rem
309 202 364 252 id,
384 203 489 256 quod
507 204 646 253 evenit,
665 204 732 243 illo
750 205 949 255 exstincto,
967 205 1062 255 fore,
1081 205 1185 246 unde
1206 206 1328 248 disce-

210 271 307 306 rem,
327 259 534 297 neminem.

265 312 318 352 V.
348 313 547 361 Quorsum
566 312 684 364 igitur
702 313 783 352 haec
800 321 881 352 tam
899 315 1025 353 multa
1047 314 1096 354 de
1113 314 1326 356 Maximo?

210 366 304 419 quia
321 367 488 419 profecto
507 367 655 411 videtis,
671 368 778 406 nefas
797 381 874 407 esse
887 368 1007 417 dictu,
1019 369 1199 408 miseram
1211 369 1329 409 fuisse

210 421 329 460 talem
355 429 598 460 senectutem.
647 422 732 460 Nec
756 430 885 461 tamen
910 435 1042 462 omnes
1067 431 1226 475 possunt
1249 437 1330 463 esse

212 476 423 527 Scipiones,
443 483 511 514 aut
537 476 722 525 Maximi,
755 484 800 514 ut
826 477 983 515 urbium
1010 477 1327 530 expugnationes,

210 538 257 568 ut
280 530 470 582 pedestres
495 530 694 569 navalesve
720 543 883 582 pugnas,
903 538 948 569 ut
970 532 1072 570 bella
1095 545 1120 570 a
1143 545 1183 570 se
1207 540 1327 584 gesta,

212 584 518 636 triumphosque,
538 584 792 623 recordentur.
821 586 895 624 Est
905 586 1020 624 etiam
1031 586 1159 638 quiete
1178 594 1215 625 et
1231 599 1328 638 pure

211 645 251 677 et
280 639 471 690 eleganter
502 646 596 677 actae
626 639 746 678 aetatis
769 639 919 690 placida
947 653 991 679 ac
1018 640 1114 679 lenis
1143 648 1331 690 senectus,

213 693 369 745 qualem
388 693 601 744 accepimus
623 693 809 741 Platonis,
839 694 922 746 qui,
945 706 1026 732 uno
1048 702 1086 733 et
1103 695 1333 746 octogesimo

213 760 329 793 anno,
358 747 523 786 scribens
549 756 723 786 mortuus
748 756 828 793 θεῖς
858 749 1013 800 qualem
1044 749 1234 796 Isocratis,
1263 749 1333 801 qui

214 815 305 840 eum
323 802 482 849 librum,
496 802 564 853 qui
584 804 611 824 ‘⁶
626 802 958 841 Panathenaicus’'
972 803 1202 851 inscribitur,
1218 816 1333 855 quar-

214 863 256 894 to
274 863 311 894 et
335 856 581 907 nonagesimo
607 869 709 895 anno
736 857 925 908 scripsisse
950 870 990 895 se
1013 857 1130 903 dicit,
1119 871 1129 881 ·
1159 857 1333 909 vixitque

215 910 526 962 quinquennium
558 918 711 962 postea:
749 913 860 961 cujus
890 911 1085 962 magister,
1117 886 1334 950 Leontinus

217 965 395 1016 Gorgias,
415 972 570 1003 centum
590 972 627 1003 et
646 972 791 1016 septem
809 965 1014 1017 complevit
1031 977 1180 1010 annos;
1207 977 1333 1017 neque

216 1031 392 1071 unquam
421 1019 462 1057 in
495 1032 564 1057 suo
588 1019 714 1058 studio
746 1027 861 1071 atque
884 1032 997 1071 opere
1021 1019 1205 1058 cessavit.
1248 1019 1332 1071 qui,

216 1086 308 1112 cum
327 1086 374 1112 ex
390 1087 434 1112 eo
452 1081 697 1125 quaereretur,
718 1086 785 1112 cur
799 1073 946 1112 tamdiu
958 1074 1071 1112 vellet
1081 1086 1160 1112 esse
1170 1073 1211 1111 in
1224 1073 1335 1113 vita?

219 1127 379 1166 “Nihil
410 1128 575 1176 habe0,”
611 1128 751 1180 inquit,
785 1131 813 1151 “
833 1128 936 1180 quod
964 1128 1135 1166 incusem
1164 1135 1336 1167 senectu-

217 1182 340 1220 tem.''
389 1182 622 1220 Praeclarum
641 1195 878 1234 responsum,
900 1189 936 1220 et
950 1181 1060 1221 docto
1077 1181 1233 1220 homine
1250 1182 1335 1234 dig.

217 1236 344 1274 num!
377 1236 456 1275 Sua
482 1236 585 1274 enim
611 1236 704 1275 vitia
727 1236 959 1288 insipientes,
979 1243 1017 1274 et
1034 1248 1144 1274 suam
1162 1236 1333 1287 culpam,

217 1290 259 1328 in
274 1298 507 1329 senectutem
525 1290 746 1328 conferunt:
778 1290 882 1342 quod
900 1302 977 1329 non
995 1289 1157 1329 faciebat
1166 1289 1213 1339 is,
1226 1291 1336 1341 cujus

219 1345 336 1384 modo
354 1345 589 1383 mentionem
607 1344 693 1393 feci,
713 1344 892 1391 Ennius3

275 1421 304 1443 “
325 1419 431 1459 Sicut
449 1419 556 1457 fortis
576 1432 710 1471 equus,
732 1419 852 1470 spatio
871 1418 938 1471 qui
957 1431 1056 1470 saepe
1077 1431 1256 1470 supremo

273 1474 380 1513 Vicit
399 1472 599 1525 Olympia,
616 1486 718 1512 nunc
737 1473 839 1512 senio
857 1473 1043 1512 confectu'
1055 1473 1256 1525 quiescit?

219 1567 328 1620 Equi
356 1567 464 1606 fortis
501 1574 538 1605 et
566 1565 716 1604 victoris
753 1563 936 1603 senectuti
972 1571 1167 1626 comparat
1195 1577 1334 1603 suam·
1320 1593 1334 1611 ‚

219 1635 340 1674 quam
359 1621 516 1673 quidem
534 1622 652 1672 probe
669 1619 886 1658 meminisse
903 1618 1084 1670 potestis.
1114 1630 1215 1656 anno
1233 1619 1338 1657 enim

220 1676 502 1714 undevicesimo
538 1682 624 1726 post
659 1675 744 1724 ejus
779 1681 957 1721 mortem,
994 1672 1036 1711 hi
1064 1672 1250 1721 consules,
1285 1673 1324 1711 ’1
1325 1700 1338 1711 .

222 1730 466 1768 Flamininus
491 1736 528 1768 et
554 1729 616 1767 M’
645 1728 811 1776 Acilius,
850 1727 942 1766 faeti
967 1734 1084 1765 sunt.
1113 1726 1179 1765 ille
1206 1734 1338 1766 autem

222 1785 417 1836 Caepione,
444 1792 482 1823 et
505 1784 686 1835 Philippo
717 1782 872 1832 iterum,
902 1781 1134 1828 consulibus,
1164 1788 1341 1820 mortuus

222 1846 302 1877 est:
333 1852 424 1878 cum
442 1852 512 1890 ego
531 1838 702 1890 quidem,
725 1837 766 1876 V
784 1845 821 1876 et
834 1837 913 1876 LX
931 1847 1050 1874 annos
1068 1841 1195 1883 natus,
1214 1835 1342 1886 legem

224 1893 439 1931 Voconiam
458 1906 548 1931 voce
566 1893 723 1944 magna,
743 1899 781 1930 et
793 1892 903 1930 bonis
919 1890 1114 1952 lateribus,
1127 1889 1342 1927 suasissem.

223 1947 363 1986 Annos
382 1948 502 1986 LXX
521 1956 634 1986 natus
660 1950 734 1990 (tot
752 1946 857 1984 enim
873 1944 970 1984 vixit
985 1943 1155 1991 Ennius)
1173 1942 1228 1980 ita
1244 1942 1342 1981 fere-

224 2003 291 2039 bat
309 2002 400 2049 duo,
421 2016 508 2053 quae
525 2002 698 2040 maxima
715 2008 900 2053 putantur
918 2011 1046 2046 onera,
1074 2004 1340 2049 paupertatem

225 2062 263 2094 et
281 2064 526 2104 senectutem,
540 2064 584 2094 ut
602 2056 656 2094 eis
669 2067 778 2107 paene
796 2053 973 2093 delectari
990 2052 1192 2092 videretur.

279 2109 453 2159 Etenim,
474 2123 563 2149 cum
582 2110 817 2161 contemplor
835 2109 979 2156 animo,
1004 2105 1149 2158 reperio
1173 2112 1340 2157 quatuor

225 2175 371 2211 musas,
397 2178 464 2204 cur
489 2173 660 2204 senectus
682 2164 821 2203 misera
843 2162 1041 2201 videatur·
1076 2172 1211 2207 unam,
1238 2158 1343 2211 quod

227 2226 356 2259 avocet
369 2231 392 2258 a
410 2220 523 2261 rebus
540 2218 740 2272 gerendis·
768 2218 941 2267 alteram,
958 2214 1062 2268 quod
1075 2226 1212 2268 corpus
1229 2212 1344 2254 faciat
