1470 2402
235 92 315 133 DE
343 92 765 145 DIVINATIONE,
781 94 1156 135 L1n.11.cA1›.55.
1203 96 1256 136 95

135 214 255 255 quam
278 215 423 254 regem,
443 203 660 255 proferant;
690 216 807 255 quem
832 203 971 243 Romae
994 204 1161 256 posthaec
1185 215 1257 244 nec

138 255 211 295 Dii
227 269 296 296 nec
313 257 487 296 homines
506 270 584 296 esse
602 258 806 309 patientur.

187 311 278 349 LV.
307 311 367 350 At
379 311 494 349 multi
512 325 611 363 saepe
630 325 717 350 vera
737 310 943 363 vaticinati,
964 319 1008 351 ut
1022 311 1250 361 Cassandra,

188 399 218 423 ‘⁴
236 399 408 452 Jamque
425 399 525 437 mari
542 399 711 452 magno''
717 428 816 440 ......

130 508 341 562 eademque
358 509 475 562 paulo
492 516 602 561 post:

182 600 212 623 “
230 596 372 637 Eheu!
403 596 554 636 videte”
559 626 659 637 ......

121 689 234 730 Num
265 689 383 741 igitur
411 702 474 727 me
504 690 605 741 cogis
631 689 746 728 etiam
775 688 917 729 fabulis
943 690 1092 730 credere
1108 693 1126 729 Ρ
1155 705 1243 744 quae

122 744 378 784 delectationis
406 744 573 782 habeant
601 752 792 795 quantum
820 745 947 783 voles:
978 746 1114 793 verbis,
1156 759 1241 784 sen-

116 799 258 847 tentiis,
284 797 467 845 numeris,
489 798 662 836 cantibus
688 798 943 848 adjuventur.
935 813 944 822 ·
975 800 1238 839 auctoritatem

118 853 275 905 quidem
307 853 455 890 1111113111
486 851 682 900 debemus,
710 865 779 890 nec
808 852 938 899 fidem,
966 854 1240 893 commenticiis

119 909 232 946 rebus
251 906 468 957 adjungere.
498 906 725 957 Eodemque
750 906 865 944 modo
884 919 952 945 nec
972 920 1042 958 ego
1063 908 1240 947 Publicio

118 961 243 1000 nescio
262 960 336 1008 cui,
363 972 433 998 nec
458 959 617 998 Marciis
643 960 806 1008 vatibus,
827 973 897 998 nec
914 961 1109 1012 Apollinis
1128 975 1238 1013 cper-

117 1015 180 1063 tiS,
227 1013 457 1053 credendum
503 1014 706 1052 existimo:
752 1027 917 1065 quorum
962 1016 1103 1067 partim
1149 1016 1238 1056 ficta

116 1076 257 1121 aperte,
294 1068 434 1119 partim
470 1068 619 1106 effutita
651 1076 804 1116 temere,
837 1081 1038 1120 nunquam
1071 1083 1120 1108 ne
1153 1083 1237 1109 me-

115 1123 231 1162 diocri
258 1122 414 1174 quidem
441 1122 638 1174 cuiquam,
680 1134 757 1161 non
785 1123 901 1161 modo
928 1123 1121 1175 prudenti,
1145 1138 1235 1177 pro-

114 1178 204 1217 bata
231 1184 332 1215 sunt.

167 1230 305 1280 Quid?
338 1230 512 1282 inquies·
502 1259 512 1269 .
544 1243 675 1269 remex
707 1230 772 1270 1116
807 1229 855 1269 (16
898 1230 1014 1270 classe
1052 1231 1230 1285 Coponii,

114 1298 239 1325 nonne
253 1298 297 1324 ea
313 1285 505 1336 praedixit,
527 1299 614 1337 quae
632 1285 732 1323 facta
751 1293 839 1324 sunt
853 1287 871 1324 Ρ
901 1286 976 1324 Ine
998 1300 1100 1334 vero,
1122 1295 1158 1325 et
1186 1301 1232 1327 ea

111 1339 279 1392 quidem,
295 1352 382 1391 quae
399 1352 532 1378 omnes
551 1353 594 1378 eo
613 1347 797 1391 tempore,
814 1352 862 1378 ne
881 1340 1104 1389 acciderent,
1118 1342 1230 1381 time-

111 1395 258 1433 bamus.
301 1394 435 1432 Castra
454 1394 556 1432 enim
578 1394 619 1431 in
638 1394 838 1432 Thessalia
857 1395 986 1433 castris
1005 1396 1142 1433 collata
1160 1410 1230 1434 au-

109 1449 329 1487 diebamus:
369 1447 643 1500 videbaturque
667 1448 776 1486 nobis
805 1448 990 1487 exercitus
1015 1449 1172 1488 Caesaris
1191 1458 1230 1489 et

109 1502 275 1541 audaeiae
292 1501 379 1554 plus
397 1502 549 1548 habere,
564 1502 707 1554 quippe
726 1502 793 1554 qui
811 1502 944 1554 patriae
957 1504 1105 1541 bellum
1123 1504 1228 1543 intu-

109 1557 235 1602 lisset;
266 1564 303 1594 et
320 1556 477 1601 roboris,
493 1564 646 1608 propter
664 1564 904 1595 vetustatem.
937 1557 1080 1595 Casum
1095 1566 1225 1597 autem

109 1611 244 1663 proelii,
270 1623 383 1649 nemo
412 1613 585 1648 nostrum
610 1618 702 1658 erat,
728 1611 823 1662 quin
848 1611 1028 1657 timeret;
1059 1612 1124 1650 sed
1152 1613 1221 1661 ita,

109 1672 153 1704 ut
170 1664 426 1703 constantibus
443 1664 664 1703 hominibus
683 1678 753 1716 par
768 1672 860 1726 erat,
881 1678 959 1703 non
978 1674 1117 1716 aperte.
1148 1667 1224 1706 Ille

109 1727 235 1758 autem
254 1718 425 1765 Graecus,
446 1719 540 1770 quid
565 1719 723 1766 mirum,
751 1719 796 1765 51,
817 1719 1083 1783 magnitudine
1108 1720 1223 1760 timo..

108 1774 159 1813 ris
178 1776 237 1817 (ut
262 1772 490 1824 plerumque
507 1773 582 1820 fit),
602 1786 625 1811 a
643 1773 867 1821 constantia,
889 1782 1004 1824 atque
1027 1787 1050 1811 a
1076 1782 1220 1837 mente,

107 1835 219 1879 atque
243 1840 266 1865 a
291 1840 329 1865 se
352 1826 433 1878 ipse
457 1826 656 1865 discessit?
685 1840 764 1878 qua
781 1827 1065 1878 perturbatione
1083 1829 1220 1879 31111111,

107 1895 206 1935 quae,
227 1893 339 1919 sanus
357 1894 443 1919 cum
469 1888 578 1928 esset,
599 1881 771 1929 timebat,
792 1893 841 1919 ne
865 1881 1070 1929 evenirent,
1092 1895 1137 1921 ea
1154 1883 1221 1922 de-

108 1948 214 1975 mens
244 1942 424 1974 eventura
453 1948 531 1973 esse
563 1934 723 1973 dicebat.
759 1910 909 1974 Utrum
946 1910 1116 1984 tandein,
1150 1951 1220 1989 per

107 1989 210 2029 Deos
228 1997 341 2042 atque
363 1988 559 2028 homines!
590 1989 713 2040 magis
731 1989 933 2028 verisimile
945 1997 1014 2037 est,
1035 2003 1220 2030 vesanum

107 2044 302 2095 remigem,
322 2056 371 2082 an
394 2043 563 2095 aliquem
581 2046 754 2082 nostrum
773 2043 842 2095 qui
865 2043 920 2082 ibi
945 2052 1031 2082 tum
1050 2058 1216 2093 eramus,

104 2110 181 2147 me,
200 2099 396 2147 Catonem,
417 2098 646 2145 Varronem,
668 2097 916 2159 Coponium
904 2111 1047 2160 ipsum,
1060 2099 1218 2139 consilia

103 2151 274 2194 Deorum
291 2152 567 2194 immortalium
585 2152 794 2205 perspicere
812 2152 1013 2206 potuisse?
