1470 2402
230 94 308 133 134
420 95 500 134 DE
531 96 796 144 LEGIBUS,
818 96 919 134 Lm.
936 95 971 134 Ι.
993 95 1101 134 CAP.
1121 97 1159 134 5.

224 202 421 254 pergimus
435 206 453 243 1>
483 204 565 252 ubi,
585 217 675 243 cum
695 205 784 244 satis
810 205 881 243 erit
905 204 1165 253 ambulatum,
1184 203 1353 256 requies-

227 269 370 295 cemus.
412 259 497 297 Nec
525 259 694 310 profecto
725 260 836 298 nobis
860 259 1060 297 delectatio
1086 257 1219 306 deerit,
1245 257 1353 296 aliud

228 324 277 349 ex
296 311 371 350 alio
390 314 661 364 quaerentibus.
692 314 862 351 Atticus.
881 314 965 352 Nos
981 326 1098 358 vero,
1088 327 1098 336 ·
1129 319 1167 351 et
1179 312 1252 350 hac
1266 311 1353 374 qui-

227 365 318 403 dem
337 366 420 404 adit
404 380 454 414 e,
473 368 503 405 si
517 368 655 419 placet,
675 381 743 419 per
758 368 883 430 ripam
903 375 939 405 et
953 369 1145 405 umbram.
1177 365 1284 405 Sed·
1268 379 1352 416 Jam

226 420 351 458 ordire
377 422 579 473 explicare,
607 436 750 474 quaeso,
777 423 825 460 de
848 423 937 471 jure
956 421 1058 460 civili
1084 421 1179 473 quid
1198 420 1350 459 sentias.

230 475 413 512 Blareus.
442 476 530 526 Ego
563 476 737 538 memini,
773 489 943 514 summos
975 476 1091 514 fuisse
1128 475 1169 513 in
1203 474 1354 513 civitate

228 529 358 566 nostra
377 529 491 606 viros,
511 531 579 581 qui
597 530 638 568 id
655 530 895 582 interpretari
919 529 1077 581 populo,
1105 537 1142 567 et
1167 529 1356 590 responsi-

228 589 323 630 tare,
345 584 445 621 soliti
465 584 564 629 sint,
554 599 563 607 ·
596 585 661 623 sed
691 598 767 631 eos,
788 598 931 636 magna
948 583 1180 636 professos,
1169 596 1209 621 ιιι
1227 583 1355 634 parvis

228 649 308 674 oese
327 647 503 676 versatos.
545 638 654 686 Quid
681 639 784 677 enim
808 647 863 678 est
887 646 1056 686 tantum,
1077 646 1267 689 quantum
1290 638 1355 687 jus

229 690 420 730 cintatis?
447 692 542 754 quid
557 701 686 731 autem
700 701 780 731 tam
795 693 994 745 exiguum,
1011 705 1130 744 quam
1142 700 1198 730 est
1211 703 1355 730 munus

229 743 302 782 1100
320 758 455 784 eorum
474 747 542 798 qui
561 748 827 795 consuluntur,
861 759 1101 808 quamquam
1131 753 1186 784 est
1210 746 1356 798 populo

231 800 516 839 necessarium?
546 802 632 840 Nec
657 814 745 840 vero
770 814 847 849 eos,
867 801 936 853 qui
961 801 996 839 ei
1021 800 1174 838 muneri
1191 800 1356 851 praefue-

231 862 337 900 runt,
359 855 526 894 universi
542 856 640 905 juris
652 864 823 907 expertes
841 855 959 894 fuisse
977 855 1179 900 existim03
1201 853 1265 892 sed
1283 854 1357 893 hoc

229 907 341 946 civile
367 909 489 961 (quod
509 917 661 957 vocant)
682 918 837 948 eatenus
857 915 1121 958 exercuerunt,
1142 907 1270 960 quoad
1284 921 1355 960 po-

229 963 370 1013 pulum
399 971 578 1015 praestare
611 965 825 1003 voluerunt.
871 964 920 1003 Id
952 971 1083 1002 autem
1115 963 1354 1014 incognitum

229 1024 299 1065 est,
320 1017 526 1070 minusque
545 1019 585 1056 in
604 1032 678 1057 usu
697 1019 962 1057 necessarium.
993 1017 1261 1066 Quamobrem
1276 1029 1355 1069 quo

229 1083 293 1109 me
312 1074 456 1111 vocas?
486 1079 554 1110 aut
577 1073 671 1124 quid
694 1073 855 1111 hortaris
868 1075 887 1111 t>
916 1080 961 1111 ut
982 1072 1131 1111 libellos
1156 1071 1356 1111 conficiam

229 1125 277 1163 de
295 1126 574 1165 stillicidiorum
594 1139 637 1165 30
655 1126 703 1165 (10
720 1127 911 1178 parietum
927 1128 1049 1177 jure?
1078 1133 1146 1164 aut
1170 1133 1215 1164 ut
1233 1126 1356 1177 stipu-

230 1179 421 1218 lationum
449 1189 486 1219 et
507 1180 741 1230 judiciorum
766 1181 951 1220 formulas
973 1181 1238 1232 componam?
1267 1193 1356 1232 quae

228 1242 266 1272 et
285 1234 424 1285 scripta
442 1243 532 1273 sunt
551 1248 574 1272 a
592 1236 726 1273 multis
745 1235 959 1296 diligenter,
976 1242 1013 1273 et
1027 1242 1118 1273 sunt
1131 1233 1353 1282 humiliora,

229 1301 351 1340 quam
370 1289 451 1336 1113,
473 1303 526 1340 qu
529 1303 561 1326 ae
580 1303 602 1327 a
622 1290 728 1327 vobis
748 1290 957 1341 exspectari
975 1296 1082 1340 puto.

286 1342 338 1380 V.
369 1343 539 1381 Atticus.
569 1344 711 1394 Atqui,
738 1344 770 1382 si
795 1357 955 1395 quaeres,
983 1356 1053 1404 ego
1080 1342 1175 1395 quid
1200 1355 1355 1394 exspec-

230 1404 336 1442 tem3
367 1397 551 1448 quoniam
567 1398 750 1449 scriptum
763 1407 819 1436 est
831 1411 854 1436 a
868 1406 905 1436 te
916 1398 963 1436 de
975 1397 1122 1448 optimo
1135 1409 1190 1435 101
1180 1396 1357 1448 publicae

230 1458 347 1498 statu,
367 1463 602 1513 consequens
621 1465 677 1490 ess
680 1465 699 1490 e
718 1452 881 1499 videtur,
902 1459 947 1489 ut
965 1452 1104 1490 scribas
1123 1458 1166 1489 tu
1185 1451 1289 1489 idem
1307 1450 1356 1489 de

229 1506 404 1556 legibus.
433 1506 486 1544 sic
497 1506 600 1544 enim
613 1500 742 1544 fecisse
757 1506 866 1544 video
881 1506 1085 1544 Platonem
1100 1505 1213 1543 11111111
1225 1512 1354 1553 tuum,

230 1572 350 1621 quem
368 1567 411 1598 tu
431 1559 644 1608 admiraris,
666 1573 783 1612 quem
801 1560 982 1598 omnibus
1000 1560 1215 1611 anteponis,
1236 1572 1354 1611 quem

230 1614 403 1652 maxime
422 1613 561 1665 diligis.
592 1616 774 1652 Marcus.
796 1614 918 1653 Visne
935 1614 1067 1666 igitur,
1089 1622 1134 1652 ut
1157 1613 1224 1651 ille
1243 1613 1355 1652 Crete

231 1680 323 1707 cum
350 1667 490 1717 Clinia,
518 1676 555 1707 et
579 1681 669 1708 cum
695 1668 988 1707 Lacedaemonio
1014 1668 1195 1719 Megillo,
1225 1668 1355 1706 aestivo

231 1723 581 1774 (quemadmodum
607 1723 799 1771 describit)
819 1723 895 1771 die,
915 1723 956 1761 in
981 1721 1206 1774 cupressetis
1220 1720 1356 1760 Cnosi-

229 1789 359 1825 orum,
379 1784 418 1815 et
443 1777 574 1829 spatiis
600 1777 850 1839 silvestribus,
870 1779 999 1816 crebro
1023 1777 1213 1824 insistens,
1236 1775 1355 1814 inter-

231 1830 327 1869 dum
346 1831 601 1892 acquiescens,
622 1831 670 1870 de
688 1831 871 1870 institutis
889 1844 1019 1870 rerum
1037 1830 1295 1883 publicarum,
1312 1842 1356 1868 30

231 1884 279 1923 de
296 1884 452 1936 optimis
477 1886 627 1937 legibus
651 1886 849 1947 disputat3
880 1886 932 1924 sic
958 1898 1041 1934 nos,
1061 1885 1159 1923 inter
1181 1885 1250 1923 has
1267 1896 1356 1936 pro-

232 1939 443 1978 cerissimas
462 1940 670 1992 populos,
659 1953 699 1978 111
719 1940 831 1978 viridi
853 1953 1046 1992 opacaque
1071 1939 1155 1990 ripa
1178 1938 1359 1976 inambu-

231 1993 368 2041 lantes,
389 2001 474 2031 tum
501 2003 628 2032 autem
656 1994 875 2042 residentes,
902 2007 1121 2046 quaeramus
1147 1992 1283 2030 iisdem
1309 1991 1358 2030 de

231 2049 345 2085 rebus
364 2048 512 2099 aliquid
527 2049 696 2095 uberius,
718 2062 837 2101 quam
855 2049 1014 2087 forensis
1028 2061 1120 2086 usus
1138 2046 1326 2085 desiderat
1339 2045 1358 2082 ?

236 2101 407 2140 Atticus.
437 2102 525 2153 Ego
543 2116 632 2141 vero
650 2103 723 2141 ista
741 2103 873 2142 audire
890 2103 1016 2155 cupio.
1046 2103 1228 2140 Marcus.
1248 2099 1360 2148 Quid

232 2154 287 2193 ait
306 2155 510 2203 Quintus?
545 2157 647 2202 Quin
653 2162 726 2196 tus.
749 2158 874 2196 Nulla
892 2157 940 2196 de
958 2171 999 2195 re
1015 2155 1152 2207 magis.
1173 2156 1356 2192 Marcus.

232 2207 287 2248 Et
305 2217 405 2250 recte
423 2211 606 2262 quidem:
638 2223 727 2252 nam
749 2211 802 2251 510
820 2212 1013 2262 habetote,
1033 2209 1172 2250 nullo
1162 2221 1202 2248 m
1221 2220 1359 2261 genere
