1470 2402
226 112 307 151 322
379 109 457 150 DE
487 109 750 159 OFFICIIS,
769 109 870 148 Lm.
892 108 976 148 111.
995 108 1104 155 cst.
1125 109 1192 152 25,

227 226 266 258 et
282 219 323 258 id
341 219 502 258 arbitror
519 219 636 258 fuisse
654 218 861 270 gravitatis.
892 217 981 265 Sed,
1002 216 1186 269 quoniam
1203 214 1350 268 promi-

227 274 291 322 sit,
313 273 344 312 si
363 274 498 312 saltare
517 274 557 311 in
576 274 658 312 foro
677 282 789 323 turpe
814 272 942 319 ducet,
967 271 1165 309 honestius
1189 270 1352 309 mentie-

227 335 306 376 tur,
327 328 359 366 si
378 341 425 366 ex
444 328 663 366 haereditate
680 327 780 365 nihil
798 326 952 378 ceperit,
972 326 1046 364 nisi
1064 325 1161 363 forte
1180 337 1265 362 eam
1283 337 1351 375 pe-

229 382 384 420 cuniam
402 382 442 419 in
462 382 682 433 reipublicae
707 393 896 432 magnum
915 379 1073 431 aliquod
1091 386 1244 430 tempus
1262 390 1353 416 con·v

229 436 386 481 tulerit,
376 449 385 459 ·
417 444 461 473 ut
484 437 544 474 vel
571 436 708 474 saltare
727 448 830 483 eum,
852 447 941 473 cum
959 433 1093 486 patriae
1111 433 1355 474 consulturus

228 490 291 538 sit,
312 497 423 541 turpe
440 502 518 528 non
533 490 592 528 sit.

284 544 423 582 XXV.
451 548 515 582 Ac
533 557 581 582 ne
594 545 662 582 illa
676 542 833 605 quidem
846 542 1033 594 promissa
1047 541 1231 580 servanda
1236 547 1353 602 sunt,

231 611 320 650 quae
338 610 416 636 non
444 606 533 636 sunt
556 599 602 636 115
622 598 714 649 ipsis
733 597 857 645 utilia,
877 597 1018 649 quibus
1037 596 1104 634 illa
1121 595 1351 647 promiseris.

231 653 299 691 Sol
319 652 553 691 Phaethonti
570 652 650 691 filio
670 656 732 695 (ut
749 652 948 690 redeamus
966 650 1015 688 ad
1044 650 1212 696 fabulas)
1230 650 1356 693 factu,

231 719 322 745 rum
341 720 380 744 se
399 719 479 745 esse
497 707 610 753 dixit,
630 706 822 758 quidquid
849 706 1015 757 optasset
1031 719 1041 742 ³
1072 704 1231 755 optavit,
1251 711 1296 741 ut
1313 703 1355 741 in

232 773 389 799 currum
408 761 526 812 patris
544 761 762 799 tolleretur·
793 760 967 798 sublatus
985 766 1066 803 351ς
1097 766 1163 810 atq
1163 771 1212 796 ue
1233 756 1356 807 [insa-

232 826 321 861 nus,
335 828 413 866 qua
431 815 635 867 3011511111,]
649 815 726 853 13111
745 814 920 852 fulminis
931 812 1165 864 deflagravit.
1195 811 1356 859 Quanto

233 869 372 908 melius
391 869 530 915 fuerat,
549 870 589 907 in
608 869 695 917 hoc,
715 868 947 920 promissum
959 868 1076 918 patris
1091 879 1169 905 non
1188 879 1267 904 3353
1281 878 1359 908 ser-

233 923 393 961 vatum!
426 898 549 971 Quid,
581 923 687 975 quod
716 922 890 960 Theseus
916 921 1043 972 exegit
1073 920 1305 972 promissum
1335 933 1360 961 a

234 977 456 1029 Neptuno?
486 977 562 1016 Cui
577 990 665 1016 cum
685 985 759 1016 tres
777 976 987 1028 optationes
1006 976 1216 1036 Neptunus
1233 974 1360 1015 dedis-

235 1039 305 1079 set,
340 1031 485 1083 optavit
516 1032 714 1070 interitum
744 1030 964 1082 Hippolyti,
999 1029 1070 1068 filii
1101 1029 1175 1077 sui,
1207 1041 1298 1067 cum
1325 1028 1359 1070 15

233 1086 335 1136 patri
360 1093 555 1137 suspectus
581 1099 619 1124 es
622 1093 676 1124 set
702 1085 749 1124 de
774 1097 960 1123 noverca:
991 1096 1069 1135 quo
1087 1090 1219 1135 optato
1234 1083 1359 1134 impe-

234 1147 348 1185 trato,
367 1140 568 1178 Theseus'
558 1153 599 1177 in
617 1139 798 1178 maximis
816 1138 891 1176 fuit
909 1138 1087 1176 luctibus.

291 1193 431 1241 Quid?
447 1194 737 1244 Agamemnon,
758 1206 846 1232 cum
866 1192 1075 1232 devovisset
1087 1191 1241 1240 Dianae,
1256 1190 1362 1243 quod

235 1247 278 1285 in
296 1261 365 1286 suo
393 1260 509 1299 regno
528 1247 830 1299 pulcherrimum
856 1253 992 1284 natum
1021 1253 1117 1284 35531
1145 1246 1214 1284 1110
1241 1257 1359 1292 311110,

235 1302 452 1340 immolavit
482 1302 741 1353 Iphigeniam,
776 1314 855 1352 qua
887 1299 985 1338 nihil
1018 1308 1099 1338 erat
1128 1312 1172 1338 eo
1202 1299 1360 1351 quidem

236 1367 338 1396 anno
365 1366 502 1394 natum
530 1356 738 1407 pulchrius.
780 1354 1019 1393 Promissum
1045 1353 1173 1405 potius
1197 1365 1275 1391 non
1303 1353 1362 1390 fa-

237 1410 431 1459 ciendum,
461 1423 580 1462 quam
607 1418 687 1448 tam
721 1416 863 1448 tetrum
895 1408 1045 1446 facinus
1077 1407 1361 1448 admittendum

237 1463 324 1503 fuit.
364 1464 471 1516 Ergo
490 1473 527 1503 et
545 1464 688 1516 promis
673 1477 731 1502 553
749 1476 826 1501 11011
849 1461 1023 1501 facienda
1048 1474 1359 1523 nonnunquam,

237 1530 363 1570 neque
389 1532 537 1570 semper
564 1518 734 1570 deposita
758 1516 962 1556 reddenda.
1005 1517 1047 1555 Si
1074 1516 1262 1577 gladium
1274 1515 1362 1568 quis

238 1573 343 1624 apud
370 1581 408 1612 te
434 1586 527 1613 sana
554 1580 683 1611 mente
710 1571 940 1624 deposuerit,
969 1578 1115 1622 repetat
1140 1570 1358 1614 insaniens;

239 1627 420 1689 reddere,
429 1635 627 1679 peccatum
648 1627 722 1672 sit;
743 1638 820 1664 non
839 1625 1009 1673 reddere,
1024 1624 1206 1664 officium.
1226 1623 1364 1672 Quid?

238 1682 271 1721 si
289 1681 335 1730 15,
355 1682 424 1733 qui
442 1681 547 1733 apud
564 1690 601 1720 te
619 1681 822 1733 pecuniam
845 1679 1075 1731 deposuerit,
1095 1679 1242 1723 bellum
1262 1678 1361 1716 infe-

237 1743 300 1778 rat
314 1736 459 1787 patriae,
475 1735 659 1778 reddasne
677 1734 926 1787 depositum?
956 1734 996 1772 N
1000 1746 1064 1777 on
1081 1733 1215 1772 credo.
1246 1732 1363 1777 facias

239 1790 343 1830 enim
362 1798 493 1830 contra
511 1789 804 1841 rempublicam,
820 1802 908 1840 quae
926 1788 1038 1826 debet
1055 1800 1135 1826 3553
1153 1786 1359 1828 carissima.

238 1844 303 1885 Sic
321 1845 460 1891 multa,
473 1858 561 1896 quae
570 1845 730 1882 honesta
747 1843 885 1881 natura
904 1842 1082 1882 videntur
1099 1855 1193 1890 3553,
1213 1848 1362 1892 tempo-

237 1901 344 1938 ribus
363 1899 462 1937 fiunt
480 1911 557 1936 non
576 1898 744 1937 honesta.
775 1898 916 1935 Facere
933 1896 1132 1948 promissa,
1153 1903 1252 1934 stare
1270 1907 1361 1934 con-

237 1953 376 2001 ventis,
403 1952 560 1991 reddere
583 1951 768 2004 deposita,
795 1951 1032 1989 commutata
1055 1950 1233 1997 utilitate,
1260 1949 1362 1988 fiunt

238 2020 316 2047 non
340 2007 510 2047 honesta.
552 2006 615 2044 Ac
639 2006 687 2044 de
710 2006 756 2044 iis
781 2004 953 2056 quidem,
974 2018 1062 2056 quae
1080 2003 1257 2042 videntur
1281 2015 1361 2042 esse

239 2062 424 2101 utilitates
460 2068 592 2099 contra
624 2060 817 2110 justitiam
853 2059 1096 2097 simulatione
1132 2057 1362 2110 prudentiae,

237 2117 328 2157 satis
346 2116 507 2154 arbitror
524 2115 684 2153 dictum.

293 2169 382 2216 Sed,
402 2169 585 2221 quoniam
601 2182 624 2208 3
641 2175 807 2221 quatuor
824 2167 995 2206 fontibus
1013 2166 1221 2206 honestatis
1233 2164 1361 2218 primo

238 2225 337 2266 libro
367 2223 491 2264 officia
521 2223 721 2270 duximus,
750 2222 792 2261 in
821 2221 963 2261 eisdem
991 2221 1242 2271 versabimur,
1270 2231 1362 2264 cum
