1470 2402
203 88 286 135 370
478 90 558 131 DE
588 90 895 143 AMICITIA,
924 91 1034 134 ΟΔΡ.
1053 93 1094 133 4.

203 201 340 239 rores?
377 200 550 240 bonitate
576 202 619 241 in
647 202 768 241 suos?
801 201 955 253 justiti&
980 201 1023 241 in
1050 204 1217 243 omnes?
1248 209 1341 242 nota

204 262 298 292 sunt
317 255 437 293 vobis.
479 255 615 303 Quam
640 264 772 295 autem
798 256 944 296 civitati
969 269 1079 296 entus
1096 255 1228 306 fuerit,
1246 268 1342 296 moe-

203 320 289 347 rore
307 308 453 362 funeris
471 309 686 350 indicatum
705 320 774 350 est.
812 311 923 360 Quid
941 311 1060 363 igitur
1077 311 1182 350 hune
1199 323 1342 364 peuco-

203 374 294 400 rum
322 377 513 403 annorum
542 365 703 404 accessio
729 367 866 416 juvare
894 366 1113 419 potuisset?
1158 366 1342 405 Senectus

204 417 324 467 enim,
345 419 523 470 quamvis
543 432 619 458 non
640 420 688 459 sit
707 420 849 472 gravis,
870 424 933 464 (ut
950 420 1114 459 memini
1135 419 1338 469 Oenonen,

205 483 309 511 anno
324 482 413 512 ante
425 487 544 526 quam
560 483 737 514 mortuus
751 483 821 523 est,
838 488 991 514 mecum
1007 483 1045 514 et
1059 487 1150 514 cum
1166 473 1344 526 Scipione

203 524 403 576 disserere)
418 536 547 567 tamen
560 529 687 569 aufert
699 542 784 569 σιω
799 529 1047 580 viriditatem,
1060 529 1102 568 in
1114 529 1195 583 quii
1206 528 1344 569 etiam-

208 592 306 619 num
326 591 407 621 erat
426 583 568 635 Scipio.

261 635 530 684 Quamobrem
559 638 637 678 vita
664 638 823 692 quidem
850 639 938 678 talis
964 638 1056 688 fuit,
1082 639 1144 680 vel
1170 635 1342 686 fortuni,

207 689 268 728 vel
287 691 425 742 gloria,
447 701 491 730 ut
511 693 609 731 nihil
628 703 754 746 posset
773 694 961 733 acoedere.
998 692 1196 733 Moriendi
1213 699 1345 731 eutem

206 756 363 784 sensum
383 747 554 786 celeritas
574 748 758 787 abstulit:
790 762 870 801 quo
893 748 942 787 de
959 760 1099 800 genere
1117 747 1252 788 mortis
1269 745 1346 785 dif-

205 799 306 838 ficile
331 799 437 840 dictu
465 810 546 849 est;
582 803 678 855 quid
706 803 882 843 homines
910 803 1165 855 suspieentur,
1195 800 1345 841 videtis.

205 853 296 892 Hoc
322 863 452 895 tamen
473 870 560 895 vere
593 858 682 896 licet
705 857 844 907 dicere,
873 858 920 897 P.
938 857 1123 910 Scipioni,
1143 869 1193 896 ex
1211 854 1347 895 multis

204 907 356 958 diebus,
377 924 475 962 quos
495 911 534 949 in
555 912 634 951 vita
653 912 917 952 celeberrimos
936 912 1228 964 laetissimosque
1242 909 1348 949 vide-

202 962 267 1008 rit,
296 963 410 1003 illum
439 965 542 1004 diem
570 960 827 1006 clarissimum
853 967 986 1016 fuisse,
1007 979 1113 1015 cum,
1133 972 1268 1005 senatu
1286 963 1347 1003 di-

205 1017 337 1066 misso,
359 1019 521 1058 domum
542 1021 721 1060 reductus
739 1022 789 1060 ad
808 1034 1012 1074 vesperum
1038 1028 1109 1070 est,
1129 1034 1154 1059 n
1171 1019 1346 1073 patribus

202 1073 439 1125 conscriptis,
461 1088 484 1112 a
503 1076 639 1128 populi
659 1076 831 1115 Romani
850 1076 959 1116 sociis
977 1083 1016 1115 et
1034 1074 1202 1124 Latinis,
1220 1072 1346 1126 pridie

202 1138 326 1177 quam
347 1129 507 1168 excessit
525 1143 546 1168 e
567 1131 666 1169 viti:
693 1139 738 1169 ut
752 1144 801 1170 ex
815 1139 897 1169 tam
912 1131 991 1169 alto
1005 1129 1204 1182 dignitatis
1221 1126 1346 1180 gradu

203 1179 255 1218 ad
273 1193 431 1233 superos
459 1183 636 1223 videatur
660 1185 805 1236 ponus,
826 1197 946 1238 quam
966 1184 1017 1223 ad
1035 1183 1191 1231 infero&
1212 1194 1346 1234 perve-

203 1234 317 1273 nisse.
358 1236 501 1289 Neque
521 1238 626 1277 enim
649 1239 833 1278 assentior
852 1239 913 1287 iis,
935 1239 1004 1291 qui
1023 1238 1106 1277 haec
1124 1250 1249 1290 nuper
1267 1235 1347 1275 dis-

202 1301 327 1328 serere
356 1299 567 1342 eoeperung
595 1305 686 1331 cum
712 1293 935 1345 corporibus
961 1292 1080 1332 simul
1105 1291 1257 1330 animos
1284 1290 1346 1329 in·

203 1343 331 1391 terite,
351 1352 469 1397 atque
488 1346 620 1385 omnia
639 1355 765 1386 morte
784 1347 915 1386 deleri.

260 1398 337 1437 IV.
370 1399 466 1438 Plus
492 1400 598 1453 apud
624 1414 688 1440 me
713 1402 967 1454 antiquorum
995 1400 1204 1440 auctoritas
1230 1399 1346 1448 valet,

202 1452 265 1491 vel
292 1462 511 1493 nostrorum
538 1456 749 1505 majorum,
772 1456 859 1508 (qui
885 1455 1050 1496 mortuis
1070 1463 1150 1494 tam
1170 1453 1349 1507 religiosa

203 1507 295 1556 jura
314 1508 556 1556 tribuerunt;
583 1510 690 1562 quod
709 1523 786 1549 non
802 1510 978 1550 fecissent
995 1510 1180 1564 profecto,
1200 1509 1233 1549 si
1250 1507 1349 1548 nihil

205 1561 257 1599 ad
277 1574 340 1601 eos
359 1563 549 1615 pertinere
568 1565 866 1614 arbitrarentur)
887 1566 949 1604 vel
968 1577 1118 1612 eorum,
1138 1564 1208 1617 qui
1220 1564 1263 1602 in
1276 1562 1349 1602 hnc

207 1617 311 1655 terra
347 1618 521 1668 fuerunt,
562 1619 837 1672 Magnumque
871 1619 1063 1659 Graeciam
1100 1623 1209 1672 (quae
1242 1629 1349 1656 nunc

207 1671 369 1722 quidem
395 1671 521 1712 deleta
547 1683 618 1722 est,
655 1683 740 1713 tum
768 1675 945 1723 florebat)
972 1674 1157 1713 institutis
1182 1680 1221 1712 et
1249 1683 1348 1724 prae·

204 1725 324 1777 ceptis
347 1726 425 1765 suis
453 1727 704 1776 erudierunt;
735 1728 797 1768 vel
822 1729 920 1779 ejus,
941 1728 1010 1782 qui
1036 1727 1236 1780 Apollinis
1260 1738 1347 1765 ora-

207 1780 296 1818 culo
315 1781 620 1832 sapientissimus
639 1791 695 1822 est
717 1783 937 1833 judicatus:
969 1782 1038 1836 qui
1056 1794 1133 1821 non
1153 1789 1239 1820 tum
1257 1780 1346 1829 hoc,

208 1840 296 1872 tum
315 1834 429 1883 illud,
451 1844 495 1875 ut
514 1837 554 1875 in
574 1837 783 1890 plerisque,
804 1837 871 1876 sed
888 1837 993 1877 idem
1011 1837 1162 1876 dioebat
1179 1847 1344 1888 semper,

202 1888 356 1927 animos
374 1890 580 1930 hominum
601 1905 682 1931 esse
699 1892 864 1939 divinos,
886 1892 1024 1944 iisque,
1044 1904 1135 1930 cum
1154 1903 1175 1929 e
1189 1901 1349 1942 corpore

204 1944 467 1994 excessissent,
489 1945 657 1985 reditum
676 1946 716 1985 in
737 1947 876 1986 eoelum
895 1955 1040 1999 patere,
1061 1946 1289 1998 optimoque
1306 1951 1348 1983 et

201 1997 418 2046 justissimo
437 2000 580 2053 cuique
600 2000 947 2053 expeditissimum.

258 2051 379 2099 Quod
398 2053 493 2092 item
514 2055 685 2107 Scipioni
703 2055 931 2101 videbatui-3
958 2054 1027 2107 qui
1042 2053 1218 2106 quidem,
1233 2051 1347 2106 quasi

209 2107 447 2158 pasagii-et,
475 2109 677 2161 perpaucis
703 2117 794 2148 ante
821 2117 988 2148 mortem
1015 2108 1152 2148 diebus
1171 2112 1280 2152 (cum
1305 2113 1344 2146 et

209 2159 350 2199 Philus
384 2169 422 2200 et
451 2163 645 2202 Manilius
670 2163 861 2212 adessent,
891 2170 930 2202 et
956 2163 1023 2202 alii
1051 2163 1196 2215 plures,
1224 2169 1347 2222 tuque

205 2213 340 2263 etiam,
370 2216 559 2267 Scaevola,
578 2229 736 2258 mecum
754 2218 957 2267 venisses),
976 2216 1152 2258 triduum
1173 2216 1352 2257 diseunt
