1470 2402
219 144 299 182 328
374 142 451 183 DE
481 142 744 193 OFFICIlS,
776 142 875 182 Lm.
900 142 982 183 111.
1014 142 1119 183 CAP.
1142 144 1207 184 31.

218 252 379 304 captivis
403 252 643 292 dissuasurus
672 254 799 291 esset?
837 251 958 301 Quod
986 253 1205 292 maximum
1233 253 1275 292 in
1303 266 1348 292 eo

219 314 290 353 est,
319 307 360 345 id
390 307 674 359 reprehenditis.
720 307 813 345 Non
838 308 941 346 enim
967 320 1037 346 suo
1058 307 1204 358 judicio
1229 308 1346 355 stetit,

219 361 287 399 sed
313 362 475 414 suscepit
495 375 664 409 causam,
691 369 736 400 ut
755 369 850 400 esset
864 361 1055 412 judicium
1076 364 1254 409 senatum
1284 363 1347 401 cui

217 415 292 453 nisi
305 416 385 467 ipse
405 423 535 455 auctor
553 416 700 464 fuisset,
722 416 862 468 captivi
879 416 1050 467 profecto
1065 416 1193 454 Poenis
1208 416 1346 455 redditi

219 478 355 508 essent.
397 471 460 509 Ita
483 470 687 509 incolumis
713 471 753 508 in
779 470 902 521 patria
923 470 1098 522 Regulus
1123 471 1343 509 restitisset.
1333 485 1343 494 ·

217 524 323 576 quod
349 525 440 576 quia
465 525 598 577 patriae
622 537 700 563 non
725 524 820 562 utile
838 525 1003 576 putavit,
1026 524 1165 563 idcirco
1184 525 1255 563 sibi
1274 525 1346 563 ho-

216 586 370 617 nestum
397 586 434 617 et
456 579 594 617 sentire
612 579 693 627 illa,
716 586 752 617 et
769 579 864 630 pati,
885 579 1054 617 credidit.
1099 579 1220 627 Nam,
1240 579 1346 631 quod

215 633 340 679 aiunt,
361 633 465 685 quod
484 633 594 672 valde
613 633 707 672 utile
726 633 788 681 sit,
812 633 853 671 id
867 633 948 672 fieri
963 633 1192 678 honestum;
1223 634 1345 672 immo

214 700 304 732 vero
325 700 415 734 esse,
437 700 513 726 non
533 687 626 726 fieri.
668 687 741 726 Est
756 687 860 726 enim
875 686 974 725 nihil
993 688 1100 735 utile,
1122 687 1226 739 quod
1240 687 1344 726 idem

213 753 293 779 non
311 741 541 781 honestum:
572 754 655 790 nec,
683 742 774 794 quia
792 742 901 791 utile,
928 741 1132 781 honestum
1151 749 1232 791 est3
1263 742 1343 790 sed,

214 796 308 848 quia
325 795 544 844 honestum,
566 797 673 835 utile.

269 849 433 889 XXXI.
465 850 611 899 Quare,
642 863 690 889 ex
714 850 849 889 multis
873 849 1116 889 mirabilibus
1140 850 1342 902 exemplis,

214 903 323 943 haud
347 904 457 943 facile
478 906 565 957 quis
583 903 723 943 dixerit
741 905 813 944 hoc
831 905 1009 956 exemplo
1027 912 1094 943 aut
1111 904 1345 944 laudabilius

215 966 285 997 aut
317 960 571 1011 praestantius.
619 959 709 1007 Sed,
744 973 792 998 ex
820 959 902 998 tota
934 959 1006 998 hac
1037 959 1152 997 laude
1181 958 1342 1010 Reguli,

213 1025 341 1052 unum
365 1014 464 1052 illud
489 1021 545 1052 est
570 1013 821 1053 admiratione
846 1013 1023 1064 dignum,
1051 1013 1154 1065 quod
1173 1013 1343 1065 captivos

213 1068 432 1106 retinendos
451 1068 648 1107 censuerit.
692 1067 815 1115 Nam,
843 1067 947 1120 quod
965 1067 1090 1114 rediit,
1110 1067 1220 1106 nobis
1237 1080 1343 1106 nunc

212 1121 388 1160 mirabile
414 1122 587 1161 videtur:
618 1122 693 1160 illis
720 1123 876 1174 quidem
903 1122 1140 1174 temporibus
1159 1122 1268 1160 aliter
1283 1122 1343 1160 fa-

212 1187 296 1214 cere
319 1188 396 1214 non
422 1177 558 1228 potuit.
602 1177 740 1228 Itaque
765 1177 837 1214 ista
862 1176 946 1214 laus
973 1188 1050 1214 non
1077 1183 1132 1214 est
1156 1175 1338 1225 hominis,

211 1229 278 1268 sed
297 1237 540 1282 temporumz
570 1231 725 1268 nullum
751 1231 854 1268 enim
874 1230 1088 1277 vinculum,
1108 1230 1157 1267 ad
1175 1230 1340 1268 adstrin-

209 1284 378 1334 gendam
397 1284 529 1333 fidem,
547 1284 797 1334 jurejurando
816 1285 979 1333 majores
1003 1284 1142 1322 arctius
1168 1297 1247 1322 esse
1273 1297 1341 1323 vo-

208 1337 377 1377 luerunt.
420 1338 469 1377 Id
487 1339 658 1377 indicant
676 1339 779 1390 leges
800 1338 841 1376 in
861 1337 951 1376 XII
971 1338 1138 1384 tabulis3
1168 1338 1340 1378 indicant

209 1400 391 1439 sacratae3
421 1392 591 1431 indicant
616 1392 770 1441 foedera,
802 1393 943 1445 quibus
969 1392 1085 1430 etiam
1114 1405 1204 1431 curn
1229 1393 1339 1432 hoste

207 1445 423 1485 devincitur
441 1447 560 1493 fides,
549 1461 560 1471 ·
590 1447 760 1485 indicant
779 1447 952 1485 notiones
975 1446 1339 1486 animadversiones·

206 1513 285 1552 que
303 1513 517 1549 censorum,
539 1501 607 1552 qui
626 1501 736 1539 nulla
753 1501 801 1538 de
819 1513 859 1539 re
885 1500 1119 1552 diligentius,
1144 1514 1264 1553 quam
1289 1501 1339 1541 de

202 1555 472 1628 jurejurando,
489 1555 726 1605 judicabant.

262 1609 386 1648 Lucio
416 1609 584 1656 Manlio,
615 1610 669 1647 A.
697 1609 744 1647 F.
778 1621 868 1647 cum
897 1607 1058 1648 dictator
1088 1602 1236 1659 fuisset,
1270 1608 1334 1649 Μ.

208 1662 464 1715 Pomponius,
481 1664 658 1702 tribunus
671 1663 808 1714 plebis,
824 1663 926 1701 diem
941 1663 1052 1709 dixit,
1073 1664 1203 1714 quod'
1191 1677 1224 1702 is
1237 1676 1336 1715 pau„

206 1730 270 1756 cos
289 1718 361 1756 sibi
380 1718 460 1756 dies
479 1717 528 1755 ad
547 1718 774 1756 dictaturam
790 1717 996 1768 gerendam
1016 1717 1244 1757 addidisset:
1261 1718 1334 1756 cri-

206 1771 428 1810 minabatur
446 1772 576 1815 etiam,
597 1771 701 1823 quod
720 1771 857 1809 Titum
879 1772 1004 1810 filium
1025 1772 1110 1824 (qui
1128 1779 1258 1823 postea
1277 1780 1334 1811 est

206 1825 432 1877 Torquatus
459 1826 689 1878 appellatus)
721 1827 769 1864 ab
799 1825 1021 1864 hominibus
1050 1826 1265 1877 relegasset,
1295 1835 1334 1865 et

202 1880 286 1917 ruri
304 1880 476 1918 habitare
497 1880 680 1929 jussisset.
711 1879 830 1927 Quod
848 1893 937 1918 cum
959 1879 1163 1918 audivisset
1185 1881 1333 1920 adolos-

205 1946 294 1972 cens
319 1934 422 1972 filius
448 1934 646 1985 negotium
675 1934 847 1972 exhiberi
872 1934 995 1985 patri;
1028 1935 1231 1973 accurrisse
1250 1935 1335 1973 Ro-

204 1999 327 2036 mam,
357 1996 394 2027 et
419 2001 508 2026 cum
534 1986 659 2039 prima
676 1989 762 2026 luce
782 1988 987 2039 Pomponii
1005 1988 1166 2026 domum
1185 1989 1332 2028 venisse

204 2041 355 2080 dicitur.
386 2042 462 2081 Cui
488 2055 577 2080 cum
597 2050 692 2080 esset
716 2042 963 2088 nuntiatum;
994 2042 1098 2094 quod
1124 2042 1236 2080 illum
1255 2043 1331 2081 ira-

203 2102 290 2134 tum
317 2096 525 2135 allaturum
552 2096 601 2134 ad
626 2109 664 2134 se
682 2096 829 2148 aliquid
848 2104 978 2134 contra
1001 2104 1150 2149 patrem
1170 2097 1331 2135 arbitra-

202 2157 332 2188 retur:
363 2151 528 2189 surrexit
546 2163 566 2189 e
584 2150 749 2196 lectul0;
779 2151 1011 2202 remotisque
1028 2150 1192 2199 arbitris,
1221 2150 1271 2189 ad
1289 2164 1330 2191 se

202 2203 480 2244 adolescentem
495 2204 609 2254 jussit
627 2204 767 2243 venire.
805 2207 866 2243 At
883 2204 962 2254 ille,
986 2212 1031 2244 ut
1048 2205 1239 2256 ingrqu
1256 2212 1327 2254 aet,

199 2257 398 2298 confestim
427 2259 600 2311 gladium
629 2258 845 2307 destrinxit,
873 2259 1109 2313 juravitque,
1140 2271 1180 2298 se
1210 2259 1325 2299 illum
