1470 2402
214 90 293 129 412
557 93 927 134 PARADOXON
958 94 1010 134 V.

215 199 299 239 foro
317 201 435 240 etiam
454 209 576 241 castra
593 203 766 254 posuisti.
807 203 885 242 Sed
910 203 1007 255 quid
1028 215 1100 255 ego
1124 214 1349 243 communes

214 254 320 316 leges
338 255 503 307 profero,
525 257 667 308 quibus
684 257 865 296 omnibus
884 271 923 296 es
941 258 1075 297 exsul.
1065 260 1083 283 ⁹
1112 257 1147 296 F
1147 256 1349 297 3101113115-

216 309 338 349 simus
357 317 447 348 tuus
466 311 514 350 de
533 320 571 350 te
589 311 835 363 privilegium
854 313 958 360 tulit,
980 319 1039 361 ut,
1060 312 1093 350 si
1109 312 1150 350 in
1169 318 1348 364 opertum

186 390 195 398 ⁴
216 363 340 402 Bonae
367 364 463 403 Deae
487 366 715 413 accessisses,
743 367 948 405 exsulares.
988 366 1062 414 At,
1082 374 1120 405 te
1143 366 1185 405 id
1202 366 1347 415 fecisse,

215 418 331 457 etiam
351 419 505 481 gloriari
524 421 632 459 soles.
660 420 883 468 Quomodo
906 421 1039 472 igitur,
1059 427 1116 459 tot
1132 420 1312 473 legibus
1301 433 1343 459 111

216 473 397 511 exsilium
428 475 583 524 ejectus,
615 487 757 512 nomen
783 475 925 514 exsulis
952 487 1031 514 non
1058 475 1342 528 perhorrescis?

217 528 357 566 Romae
389 541 491 577 sum,
524 529 665 581 inquis.
712 529 768 567 Et
794 529 958 592 quidem
989 530 1030 568 in
1055 538 1191 592 operto
1222 529 1342 568 fuisti.

216 582 309 621 Non
329 582 461 634 igitur,
482 583 551 622 ubi
569 584 732 635 quisque
752 583 835 631 erit,
857 585 939 634 ejus
957 584 1064 624 loci
1049 597 1114 635 Jus
1133 584 1292 634 tenebit,
1311 584 1344 623 si

212 637 270 676 ibi
289 650 378 676 eum
397 637 548 690 legibus
567 651 645 677 esse
665 650 742 677 non
762 639 963 690 oportebit.

603 809 886 839 PARADOXON
917 811 960 838 V.

265 907 349 948 'Oea-1
369 923 472 957 μονος
491 911 505 946 ὁ
530 917 641 958 coepes
661 907 857 958 ελευθερος,
875 925 934 946 και
954 924 1028 952 πας
1048 917 1169 958 affigam
1189 908 1324 953 δουλος.

265 963 403 1003 Solum
422 963 634 1014 sapientem
653 976 732 1002 esse
749 963 930 1013 liberum,
947 970 985 1002 et
998 976 1156 1003 omnem
1169 964 1334 1004 stultum

427 1031 592 1057 servum.

265 1127 300 1165 1.
330 1126 531 1166 Laudetur
549 1140 637 1167 vero
656 1127 718 1166 hic
737 1127 957 1179 imperator,
977 1134 1046 1167 aut
1070 1128 1186 1168 etiam
1205 1128 1337 1181 appel-

207 1182 323 1229 letur,
351 1190 419 1220 aut
444 1182 517 1221 hoc
543 1183 698 1221 nomine
723 1182 864 1233 dignus
886 1190 1054 1234 putetur.
1093 1183 1188 1231 Quo
1204 1183 1335 1230 modo,

207 1244 276 1275 aut
291 1237 353 1275 cui
372 1237 528 1275 tandem
547 1237 609 1275 hic
631 1237 752 1275 libero
778 1237 996 1288 imperabit,
1018 1237 1087 1289 qui
1111 1249 1189 1275 non
1214 1244 1340 1289 potaet

204 1291 479 1342 cupiditatibus
499 1292 577 1329 suis
596 1291 784 1342 imperare
797 1293 815 1329 ?
851 1291 1035 1329 Refrenet
1053 1291 1225 1344 primum
1243 1291 1334 1330 libi-

207 1345 341 1390 dines,
331 1359 340 1368 ·
372 1354 524 1397 spernat
550 1346 789 1397 voluptates,
779 1359 788 1368 ·
824 1345 1062 1389 iracundiam
1089 1353 1242 1393 tenaet3
1270 1359 1335 1385 co-

206 1400 331 1438 ie'rceat
349 1413 394 1437 av
398 1400 575 1445 3*11;13111;
606 1408 758 1438 caeteras
775 1399 897 1438 animi
914 1399 1019 1438 labes
1038 1400 1220 1452 repellat:
1250 1408 1336 1439 tum

206 1454 366 1516 incipiat
389 1455 473 1492 31115
499 1456 700 1506 imperare,
728 1467 818 1493 cum
842 1454 924 1505 ipse
949 1454 1241 1506 improbissimis
1265 1455 1335 1494 do-

207 1509 338 1557 11111115,
359 1508 532 1548 dedecori
551 1522 595 1547 ac
613 1508 858 1560 turpitudini,
877 1521 1010 1560 parere
1028 1508 1190 1548 desierit.
1221 1509 1334 1548 Dum

207 1563 365 1615 quidem
385 1563 444 1602 his
463 1564 628 1611 obediet,
655 1576 733 1602 non
758 1563 874 1602 modo
898 1563 1119 1614 imperator,
1140 1563 1205 1602 sed
1223 1564 1336 1613 liber,

207 1617 408 1656 habendus
431 1618 589 1656 omnino
614 1630 691 1656 non
718 1617 799 1656 erit.
842 1617 1030 1656 Praeclare
1055 1618 1158 1656 enim
1183 1627 1240 1657 est
1263 1618 1337 1658 hoc

208 1680 438 1724 usurpatum
471 1686 495 1710 a
526 1672 767 1719 doctissimis,
806 1684 973 1724 quorum
1006 1673 1230 1712 auctoritate
1260 1685 1340 1712 non

206 1733 346 1775 uterer,
374 1727 405 1764 si
431 1727 528 1765 mihi
553 1726 657 1778 apud
682 1726 832 1778 aliquos
859 1733 1023 1777 agrestes
1050 1726 1132 1765 haec
1156 1727 1335 1767 habenda

207 1789 305 1819 esset
323 1781 455 1819 oratio.
496 1781 599 1820 Cum
623 1794 711 1820 vero
729 1780 834 1832 apud
852 1780 1168 1832 prudentissimos
1185 1781 1337 1834 loquar,
1392 1779 1396 1782 ’

207 1835 350 1886 quibus
377 1836 459 1874 haec
486 1836 660 1874 inaudita
687 1847 763 1873 non
793 1843 908 1880 sunt;
944 1847 1012 1874 cur
1038 1848 1109 1886 030
1138 1835 1335 1885 simulem,

205 1901 284 1937 me,
315 1889 347 1928 51
378 1889 472 1941 quid
498 1890 538 1928 in
569 1890 629 1928 1115
654 1889 790 1928 studiis
819 1902 944 1941 operae
970 1889 1179 1952 posuerim,
1195 1891 1336 1954 perdi-

204 1943 335 1982 disse?
375 1943 536 1982 Dictum
563 1953 620 1982 est
644 1944 762 1995 igitur
784 1945 833 1982 ab
853 1943 1118 1982 eruditissimis
1135 1945 1240 1992 viris,
1260 1945 1334 1984 nisi

204 1998 431 2049 sapientem,
457 1999 624 2037 liberum
650 2011 730 2037 esse
754 1998 963 2036 neminem.
1004 1997 1113 2046 Quid
1143 2007 1199 2037 est
1228 1999 1332 2039 enirn

201 2052 385 2091 libertas?
405 2060 570 2103 potestas
586 2052 752 2099 vivendi,
769 2060 813 2090 ut
832 2052 937 2090 velis.
965 2051 1067 2100 Quis
1083 2053 1202 2103 igitur
1220 2053 1329 2105 vivit,

197 2114 243 2144 ut
270 2107 368 2154 vult,
397 2107 470 2145 11151
496 2107 564 2159 qui
588 2114 690 2146 recta
713 2106 900 2159 sequitur,
919 2106 989 2158 qui
1013 2107 1157 2158 gaudet
1183 2107 1322 2170 officio,

194 2159 258 2198 cui
282 2160 433 2199 vivendi
459 2161 521 2199 via
549 2161 784 2200 considerata
810 2169 927 2212 atque
955 2160 1107 2212 provisa
1133 2161 1218 2200 ast?
1250 2163 1320 2214 qui

195 2213 346 2266 legibus
371 2213 530 2266 quidem
555 2227 631 2254 non
654 2222 810 2267 propter
835 2225 986 2254 metum
1013 2222 1135 2266 paret,
1164 2215 1231 2256 sed
1257 2229 1321 2256 0115
