1470 2402
292 130 372 170 DE
399 128 822 180 DIVINATIONE,
854 129 954 168 Lm.
978 129 1012 168 Ι.
1034 129 1140 168 esp.
1172 131 1210 168 6.
1269 133 1295 168 5

155 241 322 279 bitratus
341 253 394 288 es,
419 239 622 290 separatim
641 239 682 277 id
700 239 835 291 quaeri,
854 238 979 290 deque
998 251 1042 277 eo
1060 239 1206 286 disseri,
1224 239 1288 282 (id

157 303 230 341 est,
260 294 308 333 de
326 294 574 341 divinatione,
604 307 692 344 quae
712 301 767 332 est
786 306 918 331 earum
937 306 1081 340 rerum,
1103 307 1191 345 quae
1210 293 1287 332 for-

158 349 267 387 tuitae
298 356 498 400 putantur,
534 348 729 399 praedictio
761 355 877 398 atque
909 347 1128 398 praesensio)
1163 347 1216 395 id,
1255 349 1286 386 si

160 403 299 454 placet,
329 402 541 447 videamus,
572 415 690 453 quam
719 402 859 440 habeat
889 401 982 447 vim,
1013 409 1051 438 et
1081 402 1194 452 quale
1224 402 1284 440 sit.

159 457 247 508 Ego
266 456 370 495 enim
397 456 448 495 sic
475 456 677 494 existimo:
707 455 739 493 si
765 455 841 493 sint
860 468 904 492 ea
921 467 1063 505 genera
1088 455 1286 494 divinandi

147 524 262 559 ¹vera,
292 511 339 549 de
372 512 514 561 quibus
545 510 773 562 accepimus,
805 523 968 561 quaeque
1001 509 1175 557 colimus,
1206 524 1284 549 esse

160 566 290 610 Deos,
280 579 289 589 ·
321 565 576 616 vicissimque,
598 564 629 602 si
648 564 718 602 Dii
736 563 824 609 sint,
847 577 939 610 esse,
960 563 1028 625 qui
1047 563 1230 602 divinent.

214 620 291 658 VI.
311 619 456 657 Arcem
475 628 517 657 tu
536 618 694 680 quidem
713 619 944 663 Stoicorum,
964 618 1139 669 inquam,
1157 617 1286 666 Quin-

160 682 212 722 te,
232 673 417 721 defendis,
439 673 470 712 si
489 673 646 724 quidem
665 673 738 711 ista
756 673 808 711 sic
827 672 1133 723 reciprocantut3
1163 681 1207 710 ut
1234 682 1285 734 et,

160 730 194 767 si
212 728 395 766 divinatio
414 728 475 775 sit,
497 727 566 765 Dii
585 728 673 776 sint,
704 735 755 774 et,
777 728 807 765 si
826 726 894 764 Dii
914 726 1002 773 sint,
1024 726 1071 764 sit
1089 726 1285 766 dixinatio.

159 783 343 832 Quorum
374 790 556 821 neutrum
586 789 666 820 tam
695 781 819 830 facile,
850 794 968 832 quam
1001 788 1044 818 tu
1077 781 1284 830 arbitraris,

160 836 389 877 conceditur.
440 837 546 874 Nam
575 844 611 874 et
640 848 779 874 natura
808 835 1010 886 significari
1042 835 1175 873 futura
1205 837 1286 875 sine
1319 869 1333 879 1

162 892 249 931 Deo
276 899 460 943 possunt;
491 899 542 938 et,
570 898 613 928 ut
641 890 716 929 sint
741 890 824 937 Dii,
851 897 975 942 potest
1000 889 1095 937 fieri,
1115 891 1287 929 utnulla

161 948 211 985 ab
236 946 282 984 iis
308 945 489 983 divinatio
518 945 647 997 generi
676 945 848 983 humano
878 944 1022 982 tributa
1050 944 1109 982 sit.
1150 944 1287 996 Atque

160 1001 240 1048 ille,
272 1000 378 1038 Mihi
403 1012 504 1047 vero,
530 999 671 1051 inquit,
700 1000 789 1037 satis
815 1007 870 1037 est
894 998 1125 1050 argumenti,
1153 1007 1190 1037 et
1209 1012 1289 1038 oese

164 1055 282 1102 Deos,
319 1062 356 1092 et
386 1067 447 1092 eos
480 1054 674 1092 consulere
703 1056 815 1091 rebus
845 1053 1039 1099 humanis,
1077 1053 1182 1104 quod
1210 1066 1288 1092 esse

162 1110 264 1148 clara
282 1117 320 1147 et
333 1108 532 1160 perspicua
545 1108 582 1146 d
575 1108 789 1146 'vinationis
803 1120 941 1159 genera
951 1106 1093 1157 judico.
1124 1107 1187 1146 De
1201 1108 1288 1160 qui-

163 1166 236 1203 bus
261 1163 356 1215 quid
381 1163 463 1215 ipse
488 1163 664 1211 sentiam,
694 1162 725 1201 si
749 1163 886 1214 placet,
917 1174 1123 1213 exponam,
1153 1161 1208 1200 ita
1232 1170 1289 1200 ta-

164 1231 270 1266 men,
291 1218 322 1256 si
336 1230 445 1256 vacas
459 1217 603 1265 animo,
624 1229 748 1268 neque
766 1217 883 1256 habes
897 1216 1058 1268 aliquid,
1075 1216 1179 1268 quod
1197 1217 1287 1256 huic

164 1273 331 1311 sermoni
349 1272 654 1325 praevertendum
672 1279 795 1323 putes.

219 1327 306 1379 Ego
331 1340 434 1376 vero,
461 1326 637 1379 inquam,
668 1326 933 1378 philosophiae,
952 1325 1116 1373 Quinte,
1137 1338 1287 1377 semper

164 1393 268 1421 vaco.
313 1381 402 1420 Hoc
418 1389 549 1420 autem
567 1390 752 1443 tempore,
773 1394 862 1420 cum
882 1381 930 1419 sit
948 1379 1046 1418 nihil
1063 1380 1170 1418 aliud
1183 1380 1288 1431 quod

162 1436 326 1474 libenter
350 1449 461 1487 agere
478 1436 636 1487 possim,
655 1436 780 1474 multo
799 1449 838 1473 ιιι
827 1435 922 1487 agis
947 1447 1039 1474 aveo
1063 1434 1210 1484 audire,
1239 1434 1288 1473 de

161 1490 399 1529 divinatione
417 1490 512 1542 quid
529 1490 678 1529 sentias.

219 1545 348 1594 Nihil,
378 1545 519 1597 inquit,
551 1545 729 1597 equidem
760 1556 865 1593 nov1,
898 1555 982 1591 nec,
1015 1542 1120 1595 quod
1150 1550 1287 1594 praeter

151 1606 317 1639 -caeteros
334 1600 415 1651 ipse
434 1599 619 1638 sentiam:
641 1612 747 1646 nam,
767 1611 858 1637 cum
877 1598 1184 1659 antiquissimam
1203 1610 1288 1635 sen-

163 1655 339 1703 tentiam,
369 1661 454 1692 tum
479 1654 654 1692 omnium
679 1653 912 1706 populorum
937 1660 975 1690 et
999 1652 1174 1704 gentium
1199 1664 1289 1690 con-

164 1721 277 1748 sensu
304 1710 606 1760 comprobatam,
633 1721 781 1760 sequor.
822 1707 915 1746 Duo
940 1715 1031 1745 sunt
1059 1706 1162 1745 enim
1191 1705 1289 1743 divi-

166 1763 285 1801 nandi
313 1775 478 1814 genera;
508 1776 675 1815 quorum
704 1763 868 1801 alterum
901 1761 992 1799 artis
1024 1768 1095 1822 est,
1122 1760 1286 1798 alterum

165 1825 325 1856 naturae.
359 1817 460 1865 Quae
479 1825 534 1856 est
552 1825 681 1856 autem
699 1830 806 1868 gens,
836 1823 902 1854 aut
922 1829 1009 1866 quae
1026 1815 1171 1862 civitas,
1200 1828 1289 1866 quae

165 1885 243 1910 non
272 1878 340 1910 aut
369 1871 466 1909 extis
495 1872 702 1923 pecudum,
741 1879 809 1909 aut
837 1877 1007 1908 monstra
1037 1879 1105 1908 aut
1131 1869 1289 1920 fulgura

164 1925 512 1978 interpretantium,
528 1933 596 1964 aut
609 1939 816 1977 augurum,
832 1932 899 1962 aut
913 1925 1204 1975 astrologorum,
1220 1934 1289 1961 aut

164 1981 327 2019 sortium
353 1983 417 2023 (ea
441 1980 544 2019 enim
571 1980 650 2019 fere
675 1980 766 2018 artis
790 1986 912 2027 sunt),
943 1986 1012 2017 aut
1036 1978 1288 2025 somniorum,

164 2042 234 2074 aut
251 2034 579 2083 vaticinationum,
601 2034 700 2078 (haee
724 2034 827 2073 enim
845 2033 924 2072 duo
942 2033 1131 2071 naturalia
1147 2040 1288 2084 putan-

166 2096 256 2137 tur)
271 2089 514 2141 praedictione
525 2097 724 2127 moveatur
737 2091 755 2128 ?
784 2088 964 2137 Quarum
983 2087 1140 2140 quidem
1158 2098 1288 2125 rerum

167 2151 303 2182 eventa
319 2144 457 2195 1113815,
477 2144 652 2192 arbitror,
671 2156 791 2196 quam
805 2156 949 2191 causaS,
969 2142 1090 2194 quaeri
1103 2148 1286 2193 oportere.

168 2197 244 2237 Est
260 2197 366 2238 enim
384 2198 442 2238 vis
459 2205 497 2238 et
514 2206 653 2238 natura
670 2198 863 2252 quaedam,
883 2211 986 2290 qu}
1005 2209 1094 2237 cum
1114 2198 1287 2237 observ-a

887 2263 914 2291 B
