1470 2402
257 64 340 105 DE
367 63 791 118 DIVINATIONE,
813 67 912 108 Lm.
935 67 994 109 11.
1015 67 1121 108 CAP.
1142 70 1180 108 9.
1227 69 1276 108 61

163 172 329 224 periisset
346 175 536 227 auspiciis,
559 175 662 215 idem
686 183 914 216 eventurum
939 176 1082 216 fuisset.
1122 175 1203 216 Ubi
1227 184 1285 216 ost

164 227 282 278 igitur
299 229 482 269 divinatio
506 230 579 269 ista
597 231 813 270 Stoicorum
828 233 845 269 ?
874 245 976 284 quae,
1006 231 1037 269 si
1058 231 1138 269 fato
1156 231 1287 269 omnia

164 281 278 330 fiunt,
298 283 396 321 nihil
413 296 482 322 nos
499 284 703 324 admonere
727 292 863 336 potest,
884 294 928 324 ut
947 285 1129 323 cautiores
1152 285 1285 323 simus.

164 334 333 388 Quoquo
348 337 451 376 enim
468 339 583 377 modo
602 351 670 377 nos
688 340 927 391 gesserimus,
941 340 1005 377 fiet
1024 347 1153 377 tamen
1171 339 1284 387 illud,

163 386 267 440 quod
293 389 470 430 futurum
489 400 556 431 est.
603 393 673 432 Sin
701 401 830 432 autem
856 394 896 431 id
914 401 1037 445 potest
1063 393 1177 440 flecti,
1198 393 1286 431 nul-

162 442 246 482 lum
266 451 323 482 est
339 445 486 484 fatum:
516 447 569 485 ita
586 459 636 486 ne
654 447 836 486 divinatio
848 448 1018 500 quidem,
1034 447 1217 499 quoniam
1236 460 1281 486 ea

160 509 289 536 rerum
307 498 526 538 futurarum
545 509 612 540 est.
661 502 773 540 Nihil
791 510 920 540 autem
940 513 995 540 est
1013 514 1082 553 pro
1101 509 1201 540 certo
1219 501 1283 540 fu-

160 557 307 644 ἓιὲι-ιιω,
327 553 445 604 quod,
465 563 588 606 potest
606 556 737 608 aliqua
750 556 1014 608 procuratione
1032 555 1212 604 accidere,
1232 568 1282 594 ne

212 612 239 644 t.

215 660 293 698 IX.
322 661 458 714 Atque
488 677 558 715 ego
583 677 632 703 ne
663 664 798 703 utilem
832 664 989 717 quidem
1015 664 1175 703 arbitror
1199 677 1279 703 esse

158 715 268 753 nobis
293 715 513 755 futurarum
541 731 669 757 rerum
697 719 905 757 scientiam.
947 718 1048 767 Quae
1073 719 1177 758 enim
1203 719 1284 757 vita

158 767 293 807 fuisset
312 770 482 819 Priamo,
504 772 535 810 si
554 774 602 810 ab
621 772 872 812 adolescentia
891 774 1033 819 scisset,
1055 786 1150 824 quos
1169 786 1283 811 even-

161 828 223 860 tus
242 824 441 863 senectutis
461 834 555 864 esset
573 826 804 866 habiturus?
832 828 1034 865 Abeamus
1063 841 1086 865 a
1108 827 1250 866 fabulis
1266 841 1278 865 ε

159 877 337 928 propiora
355 878 564 918 videamus.
594 880 903 919 Clarissimorum
922 881 1125 919 hominum
1143 889 1283 920 nostrae

159 930 320 970 civitatis
345 933 586 983 gravissimos
603 935 728 973 exitus
746 936 786 972 in
807 938 835 958 “
853 934 1146 973 Consolatione”
1166 935 1282 973 colle-

159 984 299 1035 gimus.
356 985 465 1033 Quid
509 988 655 1039 igitur?
701 997 745 1026 ut
781 989 1005 1027 omittamus
1041 988 1278 1040 superiores;

159 1038 346 1078 Marcone
364 1040 500 1080 Crasso
518 1050 630 1093 putas
647 1043 741 1081 utile
760 1042 889 1090 fuisse,
917 1050 1017 1090 tum,
1047 1056 1136 1082 cum
1156 1043 1282 1081 maxi-

157 1092 232 1130 mis
250 1093 387 1144 opibus
400 1094 638 1148 fortunisque
657 1097 828 1144 florebat,
850 1097 956 1145 scire,
978 1097 1063 1143 sibi,
1084 1097 1281 1136 interfecto

161 1146 303 1186 Publio
333 1148 426 1195 filio,
462 1151 704 1203 exercituque
734 1151 871 1200 deleto,
902 1159 1006 1189 trans
1036 1151 1279 1202 Euphratem

158 1212 249 1238 cum
263 1201 474 1252 ignominie
494 1212 530 1242 et
541 1204 721 1244 dedecore
733 1218 811 1244 esse
822 1205 1061 1256 pereundum
1073 1205 1091 1241 ¹?
1119 1205 1188 1243 An
1204 1204 1278 1245 Cn.

159 1254 406 1307 Pompeium,
433 1270 572 1306 censes,
603 1259 724 1298 tribus
754 1259 831 1298 suis
857 1260 1128 1306 consulatibus,
1156 1259 1279 1298 tribus

158 1308 378 1362 triumphis,
421 1312 682 1351 maximarum
719 1326 847 1352 rerum
884 1313 1020 1364 gloria,
1058 1313 1279 1352 laetaturum

158 1362 290 1412 fuisse,
311 1365 344 1402 si
368 1366 511 1413 scisset,
531 1380 570 1405 se
588 1367 628 1405 in
647 1368 851 1406 solitudine
870 1367 1146 1419 AEgyptiorum
1161 1368 1279 1406 truci-

157 1416 294 1456 datum
320 1419 381 1467 iri,
411 1421 549 1459 amisso
579 1422 772 1465 exercitu:
801 1428 887 1473 post
918 1430 1082 1460 mortem
1112 1434 1201 1460 vero
1233 1434 1279 1460 ea

155 1480 414 1521 consecutura,
431 1488 518 1526 quae
531 1475 611 1513 sine
621 1476 798 1528 lacrymis
813 1488 889 1514 non
901 1488 1103 1527 possumus
1117 1475 1261 1515 dicere?

212 1525 321 1574 Quid
358 1541 446 1567 vero
488 1529 678 1568 Caesarem
719 1532 933 1582 putamus?
980 1530 1011 1568 si
1051 1529 1272 1577 divinasset,

155 1578 251 1626 fore,
284 1588 343 1628 ut,
372 1582 412 1620 in
433 1595 477 1621 eo
504 1592 637 1622 senatu
664 1597 780 1636 quem
805 1585 950 1634 majore
980 1597 1027 1622 ex
1059 1592 1166 1635 parte
1192 1584 1275 1635 ipse

153 1633 376 1685 cooptasset,
409 1637 450 1674 in
479 1638 586 1676 curia
613 1638 813 1690 Pompeia,
834 1646 921 1676 ante
952 1637 1071 1688 ipsius
1098 1637 1274 1688 Pompeii

154 1687 417 1737 simulacrum,
449 1698 505 1729 tot
532 1693 815 1731 centurionibus
845 1692 922 1730 suis
959 1691 1273 1742 inspectantibus,

154 1753 179 1779 a
213 1743 458 1783 nobilissimis
494 1745 652 1793 civibus,
691 1746 832 1798 partim
875 1745 990 1784 etiam
1027 1759 1050 1783 a
1082 1758 1121 1783 se
1150 1745 1275 1783 omni-

154 1795 228 1833 bus
247 1798 359 1835 rebus
377 1799 531 1847 ornatis,
552 1800 761 1839 trucidatus
789 1800 842 1838 ita
861 1800 1015 1849 jaceret,
1042 1806 1088 1839 ut
1113 1798 1164 1837 ad
1192 1800 1274 1849 ejus

154 1861 305 1901 corpus,
326 1863 404 1890 non
422 1853 537 1892 modo
555 1854 779 1902 amicorum,
807 1854 872 1892 sed
893 1866 942 1891 ne
968 1865 1161 1891 servorum
1188 1852 1274 1904 qui-

153 1902 259 1951 dem,
274 1905 479 1957 quisquam
494 1907 683 1946 accederet
699 1921 710 1953 ;
742 1921 820 1959 quo
834 1907 1002 1946 cruciatu
1021 1906 1141 1945 animi
1154 1907 1274 1945 vitam

153 1965 330 1997 acturum
359 1960 475 1999 fuisse
489 1963 507 2000 ?
548 1961 660 2001 Certe
690 1962 808 2013 igitur
836 1961 1023 2013 ignoratio
1053 1960 1274 2000 futurorum

150 2011 344 2051 malorum
361 2015 490 2053 utilior
509 2023 577 2063 oet,
598 2029 717 2068 quam
735 2016 900 2054 scientia·

205 2065 312 2106 Nam
331 2067 430 2106 illud
447 2069 605 2121 quidem
622 2069 710 2118 dici,
725 2070 937 2122 praesertim
955 2082 979 2108 a
992 2068 1141 2117 Stoicis,
1161 2068 1272 2107 nullo

150 2119 267 2159 modo
290 2129 440 2173 potest:
471 2124 564 2162 Non
595 2125 684 2163 isset
712 2124 762 2164 ad
789 2137 897 2163 arma
925 2123 1162 2175 Pompeius:
1192 2134 1271 2161 non

147 2175 342 2214 transisset
363 2176 522 2216 Crassus
546 2178 816 2231 Euphratem:
846 2190 925 2219 non
953 2177 1176 2232 suscepisset
1192 2176 1276 2217 bel-

206 2228 415 2285 (Pham.)
436 2243 542 2273 vox..
564 2244 629 2273 ιν.
922 2243 950 2270 G
