<?xml version="1.0" encoding="UTF-8"?>
<!DOCTYPE html PUBLIC "-//W3C//DTD XHTML 1.0 Transitional//EN"
    "http://www.w3.org/TR/xhtml1/DTD/xhtml1-transitional.dtd">
<html xmlns="http://www.w3.org/1999/xhtml" xml:lang="en" lang="en">
 <head>
  <title>
</title>
<meta http-equiv="Content-Type" content="text/html;charset=utf-8" />
  <meta name='ocr-system' content='tesseract 3.04.00' />
  <meta name='ocr-capabilities' content='ocr_page ocr_carea ocr_par ocr_line ocrx_word'/>
</head>
<body>
  <div class='ocr_page' id='page_1' title='image "./operaern04ciceuoft_0056.png"; bbox 0 0 1470 2402; ppageno 0'>
   <div class='ocr_carea' id='block_1_1' title="bbox 205 57 1206 117">
    <p class='ocr_par' dir='ltr' id='par_1_1' title="bbox 205 57 1206 117">
     <span class='ocr_line' id='line_1_1' title="bbox 205 57 1206 117; baseline -0.005 -9"><span class='ocrx_word' id='word_1_1' title='bbox 205 69 256 108; x_wconf 76' lang='lat'>42</span> <span class='ocrx_word' id='word_1_2' title='bbox 311 65 390 109; x_wconf 89' lang='lat' dir='ltr'>DE</span> <span class='ocrx_word' id='word_1_3' title='bbox 409 62 828 117; x_wconf 83' lang='lat' dir='ltr'>DIVINATIONE,</span> <span class='ocrx_word' id='word_1_4' title='bbox 849 57 948 105; x_wconf 57' lang='lat'>1:115·</span> <span class='ocrx_word' id='word_1_5' title='bbox 966 63 1000 104; x_wconf 89' lang='lat'>1.</span> <span class='ocrx_word' id='word_1_6' title='bbox 1021 64 1126 105; x_wconf 75' lang='lat' dir='ltr'>CAP.</span> <span class='ocrx_word' id='word_1_7' title='bbox 1141 60 1206 105; x_wconf 61' lang='lat' dir='ltr'>49.v</span> 
     </span>
    </p>
   </div>
   <div class='ocr_carea' id='block_1_2' title="bbox 261 172 1307 605">
    <p class='ocr_par' dir='ltr' id='par_1_2' title="bbox 261 172 1307 548">
     <span class='ocr_line' id='line_1_2' title="bbox 261 172 1199 225; baseline -0.006 -8"><span class='ocrx_word' id='word_1_8' title='bbox 261 176 292 217; x_wconf 68' lang='grc' dir='ltr'><em>ὖ</em></span> <span class='ocrx_word' id='word_1_9' title='bbox 294 189 359 215; x_wconf 90' lang='lat' dir='ltr'>am</span> <span class='ocrx_word' id='word_1_10' title='bbox 377 177 511 216; x_wconf 81' lang='lat' dir='ltr'>satiata</span> <span class='ocrx_word' id='word_1_11' title='bbox 528 175 688 224; x_wconf 81' lang='lat' dir='ltr'>animos,</span> <span class='ocrx_word' id='word_1_12' title='bbox 705 176 787 225; x_wconf 81' lang='lat' dir='ltr'>jam</span> <span class='ocrx_word' id='word_1_13' title='bbox 806 173 921 213; x_wconf 89' lang='lat' dir='ltr'>duros</span> <span class='ocrx_word' id='word_1_14' title='bbox 938 173 1020 212; x_wconf 82' lang='lat' dir='ltr'>ulta</span> <span class='ocrx_word' id='word_1_15' title='bbox 1038 172 1199 222; x_wconf 73' lang='lat' dir='ltr'>dolores,</span> 
     </span>
     <span class='ocr_line' id='line_1_3' title="bbox 264 225 1283 280; baseline -0.005 -11"><span class='ocrx_word' id='word_1_16' title='bbox 264 230 415 280; x_wconf 83' lang='lat' dir='ltr'>Abjicit</span> <span class='ocrx_word' id='word_1_17' title='bbox 432 231 638 277; x_wconf 88' lang='lat' dir='ltr'>efflantem,</span> <span class='ocrx_word' id='word_1_18' title='bbox 659 236 697 268; x_wconf 90' lang='lat' dir='ltr'>et</span> <span class='ocrx_word' id='word_1_19' title='bbox 714 229 921 267; x_wconf 88' lang='lat' dir='ltr'>laceratum</span> <span class='ocrx_word' id='word_1_20' title='bbox 940 227 1076 279; x_wconf 83' lang='lat' dir='ltr'>affligit</span> <span class='ocrx_word' id='word_1_21' title='bbox 1092 227 1134 265; x_wconf 92' lang='lat' dir='ltr'>in</span> <span class='ocrx_word' id='word_1_22' title='bbox 1151 225 1283 273; x_wconf 67' lang='lat' dir='ltr'>und313</span> 
     </span>
     <span class='ocr_line' id='line_1_4' title="bbox 267 281 1224 336; baseline -0.005 -13"><span class='ocrx_word' id='word_1_23' title='bbox 267 285 392 336; x_wconf 82' lang='lat' dir='ltr'>Seque</span> <span class='ocrx_word' id='word_1_24' title='bbox 410 285 517 323; x_wconf 90' lang='lat' dir='ltr'>obitu</span> <span class='ocrx_word' id='word_1_25' title='bbox 536 297 559 322; x_wconf 90' lang='lat' dir='ltr'>a</span> <span class='ocrx_word' id='word_1_26' title='bbox 578 284 665 322; x_wconf 83' lang='lat' dir='ltr'>solis</span> <span class='ocrx_word' id='word_1_27' title='bbox 683 283 822 321; x_wconf 88' lang='lat' dir='ltr'>nitidos</span> <span class='ocrx_word' id='word_1_28' title='bbox 841 281 1024 321; x_wconf 88' lang='lat' dir='ltr'>convertit</span> <span class='ocrx_word' id='word_1_29' title='bbox 1042 281 1090 319; x_wconf 86' lang='lat' dir='ltr'>ad</span> <span class='ocrx_word' id='word_1_30' title='bbox 1108 288 1224 319; x_wconf 86' lang='lat' dir='ltr'>ortus.</span> 
     </span>
     <span class='ocr_line' id='line_1_5' title="bbox 269 334 1307 389; baseline -0.004 -13"><span class='ocrx_word' id='word_1_31' title='bbox 269 338 385 376; x_wconf 89' lang='lat' dir='ltr'>Hanc</span> <span class='ocrx_word' id='word_1_32' title='bbox 402 339 484 386; x_wconf 87' lang='lat' dir='ltr'>ubi,</span> <span class='ocrx_word' id='word_1_33' title='bbox 504 337 733 389; x_wconf 78' lang='lat' dir='ltr'>praepetibus</span> <span class='ocrx_word' id='word_1_34' title='bbox 751 336 878 388; x_wconf 89' lang='lat' dir='ltr'>pinnis</span> <span class='ocrx_word' id='word_1_35' title='bbox 896 336 1083 387; x_wconf 81' lang='lat' dir='ltr'>lapsuque</span> <span class='ocrx_word' id='word_1_36' title='bbox 1100 334 1307 383; x_wconf 84' lang='lat' dir='ltr'>volantem,</span> 
     </span>
     <span class='ocr_line' id='line_1_6' title="bbox 269 389 1147 443; baseline -0.005 -13"><span class='ocrx_word' id='word_1_37' title='bbox 269 392 479 443; x_wconf 80' lang='lat' dir='ltr'>Conspexit</span> <span class='ocrx_word' id='word_1_38' title='bbox 499 392 663 438; x_wconf 87' lang='lat' dir='ltr'>Marius,</span> <span class='ocrx_word' id='word_1_39' title='bbox 685 390 804 429; x_wconf 89' lang='lat' dir='ltr'>divini</span> <span class='ocrx_word' id='word_1_40' title='bbox 822 389 992 427; x_wconf 83' lang='lat' dir='ltr'>numinis</span> <span class='ocrx_word' id='word_1_41' title='bbox 1010 401 1147 440; x_wconf 89' lang='lat' dir='ltr'>augur,</span> 
     </span>
     <span class='ocr_line' id='line_1_7' title="bbox 271 441 1277 497; baseline -0.004 -13"><span class='ocrx_word' id='word_1_42' title='bbox 271 445 489 497; x_wconf 84' lang='lat' dir='ltr'>Faustaque</span> <span class='ocrx_word' id='word_1_43' title='bbox 509 445 617 496; x_wconf 84' lang='lat' dir='ltr'>signa</span> <span class='ocrx_word' id='word_1_44' title='bbox 635 458 713 484; x_wconf 89' lang='lat' dir='ltr'>suae</span> <span class='ocrx_word' id='word_1_45' title='bbox 730 444 854 482; x_wconf 87' lang='lat' dir='ltr'>laudis</span> <span class='ocrx_word' id='word_1_46' title='bbox 872 443 1088 494; x_wconf 67' lang='lat' dir='ltr'>reditfisque</span> <span class='ocrx_word' id='word_1_47' title='bbox 1106 441 1277 488; x_wconf 85' lang='lat' dir='ltr'>notavit;</span> 
     </span>
     <span class='ocr_line' id='line_1_8' title="bbox 273 496 1157 548; baseline -0.003 -11"><span class='ocrx_word' id='word_1_48' title='bbox 273 499 452 538; x_wconf 90' lang='lat' dir='ltr'>Partibus</span> <span class='ocrx_word' id='word_1_49' title='bbox 471 499 638 537; x_wconf 83' lang='lat' dir='ltr'>intonuit</span> <span class='ocrx_word' id='word_1_50' title='bbox 657 499 739 537; x_wconf 88' lang='lat' dir='ltr'>coeli</span> <span class='ocrx_word' id='word_1_51' title='bbox 758 498 872 536; x_wconf 89' lang='lat' dir='ltr'>Pater</span> <span class='ocrx_word' id='word_1_52' title='bbox 890 497 970 548; x_wconf 89' lang='lat' dir='ltr'>ipse</span> <span class='ocrx_word' id='word_1_53' title='bbox 988 496 1157 535; x_wconf 87' lang='lat' dir='ltr'>sinistris.</span> 
     </span>
    </p>

    <p class='ocr_par' dir='ltr' id='par_1_3' title="bbox 274 550 1188 605">
     <span class='ocr_line' id='line_1_9' title="bbox 274 550 1188 605; baseline -0.004 -13"><span class='ocrx_word' id='word_1_54' title='bbox 274 553 337 592; x_wconf 87' lang='lat' dir='ltr'>Sic</span> <span class='ocrx_word' id='word_1_55' title='bbox 356 554 494 605; x_wconf 88' lang='lat' dir='ltr'>aquilae</span> <span class='ocrx_word' id='word_1_56' title='bbox 513 554 659 591; x_wconf 82' lang='lat' dir='ltr'>clarum</span> <span class='ocrx_word' id='word_1_57' title='bbox 677 552 844 590; x_wconf 67' lang='lat' dir='ltr'>firmavit</span> <span class='ocrx_word' id='word_1_58' title='bbox 861 551 1017 602; x_wconf 88' lang='lat' dir='ltr'>Jupiter</span> <span class='ocrx_word' id='word_1_59' title='bbox 1034 550 1188 589; x_wconf 89' lang='lat' dir='ltr'>omen.&#39;&#39;</span> 
     </span>
    </p>
   </div>
   <div class='ocr_carea' id='block_1_3' title="bbox 221 638 1340 797">
    <p class='ocr_par' dir='ltr' id='par_1_4' title="bbox 221 638 1340 797">
     <span class='ocr_line' id='line_1_10' title="bbox 276 638 1335 690; baseline -0.001 -13"><span class='ocrx_word' id='word_1_60' title='bbox 276 638 481 677; x_wconf 90' lang='lat' dir='ltr'>XLVIII.</span> <span class='ocrx_word' id='word_1_61' title='bbox 501 639 635 690; x_wconf 86' lang='lat' dir='ltr'>Atque</span> <span class='ocrx_word' id='word_1_62' title='bbox 649 639 713 677; x_wconf 92' lang='lat' dir='ltr'>ille</span> <span class='ocrx_word' id='word_1_63' title='bbox 728 638 889 677; x_wconf 89' lang='lat' dir='ltr'>Romuli</span> <span class='ocrx_word' id='word_1_64' title='bbox 903 645 1111 689; x_wconf 87' lang='lat' dir='ltr'>auguratus</span> <span class='ocrx_word' id='word_1_65' title='bbox 1123 638 1335 689; x_wconf 83' lang='lat' dir='ltr'>pastoralis,</span> 
     </span>
     <span class='ocr_line' id='line_1_11' title="bbox 221 691 1339 743; baseline -0.001 -12"><span class='ocrx_word' id='word_1_66' title='bbox 221 705 300 732; x_wconf 90' lang='lat' dir='ltr'>non</span> <span class='ocrx_word' id='word_1_67' title='bbox 325 695 509 741; x_wconf 87' lang='lat' dir='ltr'>urbanus,</span> <span class='ocrx_word' id='word_1_68' title='bbox 533 693 632 739; x_wconf 81' lang='lat' dir='ltr'>fuit3</span> <span class='ocrx_word' id='word_1_69' title='bbox 662 705 732 731; x_wconf 89' lang='lat' dir='ltr'>nec</span> <span class='ocrx_word' id='word_1_70' title='bbox 757 692 867 730; x_wconf 89' lang='lat' dir='ltr'>fictus</span> <span class='ocrx_word' id='word_1_71' title='bbox 892 692 941 729; x_wconf 86' lang='lat' dir='ltr'>ad</span> <span class='ocrx_word' id='word_1_72' title='bbox 965 691 1160 743; x_wconf 83' lang='lat' dir='ltr'>opiniones</span> <span class='ocrx_word' id='word_1_73' title='bbox 1184 692 1339 743; x_wconf 87' lang='lat' dir='ltr'>imperi-</span> 
     </span>
     <span class='ocr_line' id='line_1_12' title="bbox 223 745 1340 797; baseline 0 -13"><span class='ocrx_word' id='word_1_74' title='bbox 223 755 366 793; x_wconf 89' lang='lat' dir='ltr'>torum,</span> <span class='ocrx_word' id='word_1_75' title='bbox 401 746 466 784; x_wconf 89' lang='lat' dir='ltr'>sed</span> <span class='ocrx_word' id='word_1_76' title='bbox 498 759 520 784; x_wconf 89' lang='lat' dir='ltr'>a</span> <span class='ocrx_word' id='word_1_77' title='bbox 553 747 661 785; x_wconf 88' lang='lat' dir='ltr'>certis</span> <span class='ocrx_word' id='word_1_78' title='bbox 693 754 881 797; x_wconf 85' lang='lat' dir='ltr'>acceptuS,</span> <span class='ocrx_word' id='word_1_79' title='bbox 915 753 952 784; x_wconf 89' lang='lat' dir='ltr'>et</span> <span class='ocrx_word' id='word_1_80' title='bbox 983 745 1140 796; x_wconf 87' lang='lat' dir='ltr'>posteris</span> <span class='ocrx_word' id='word_1_81' title='bbox 1167 745 1340 784; x_wconf 80' lang='lat' dir='ltr'>traditus.</span> 
     </span>
    </p>
   </div>
   <div class='ocr_carea' id='block_1_4' title="bbox 225 799 1343 906">
    <p class='ocr_par' dir='ltr' id='par_1_5' title="bbox 225 799 1343 906">
     <span class='ocr_line' id='line_1_13' title="bbox 225 799 1343 853; baseline 0 -15"><span class='ocrx_word' id='word_1_82' title='bbox 225 801 365 852; x_wconf 84' lang='lat' dir='ltr'>Itaque</span> <span class='ocrx_word' id='word_1_83' title='bbox 385 801 577 838; x_wconf 88' lang='lat' dir='ltr'>Romulus</span> <span class='ocrx_word' id='word_1_84' title='bbox 596 813 734 853; x_wconf 88' lang='lat' dir='ltr'>augur,</span> <span class='ocrx_word' id='word_1_85' title='bbox 760 808 805 839; x_wconf 91' lang='lat' dir='ltr'>ut</span> <span class='ocrx_word' id='word_1_86' title='bbox 830 799 933 851; x_wconf 89' lang='lat' dir='ltr'>apud</span> <span class='ocrx_word' id='word_1_87' title='bbox 957 799 1132 838; x_wconf 84' lang='lat' dir='ltr'>Ennium</span> <span class='ocrx_word' id='word_1_88' title='bbox 1156 806 1226 849; x_wconf 86' lang='lat' dir='ltr'>est,</span> <span class='ocrx_word' id='word_1_89' title='bbox 1253 812 1343 838; x_wconf 91' lang='lat' dir='ltr'>cum</span> 
     </span>
     <span class='ocr_line' id='line_1_14' title="bbox 225 854 630 906; baseline 0 -14"><span class='ocrx_word' id='word_1_90' title='bbox 225 854 342 893; x_wconf 86' lang='lat' dir='ltr'>fratre</span> <span class='ocrx_word' id='word_1_91' title='bbox 361 854 454 893; x_wconf 88' lang='lat' dir='ltr'>item</span> <span class='ocrx_word' id='word_1_92' title='bbox 472 867 630 906; x_wconf 78' lang='lat' dir='ltr'>augure,</span> 
     </span>
    </p>
   </div>
   <div class='ocr_carea' id='block_1_5' title="bbox 232 943 1345 2021">
    <p class='ocr_par' dir='ltr' id='par_1_6' title="bbox 281 943 1345 1534">
     <span class='ocr_line' id='line_1_15' title="bbox 283 943 1196 995; baseline 0.001 -14"><span class='ocrx_word' id='word_1_93' title='bbox 283 944 312 966; x_wconf 86' lang='lat'><strong>“</strong></span> <span class='ocrx_word' id='word_1_94' title='bbox 329 943 516 982; x_wconf 88' lang='lat' dir='ltr'>Curantes</span> <span class='ocrx_word' id='word_1_95' title='bbox 534 943 677 994; x_wconf 62' lang='lat' dir='ltr'>magna</span> <span class='ocrx_word' id='word_1_96' title='bbox 696 956 784 982; x_wconf 90' lang='lat' dir='ltr'>cum</span> <span class='ocrx_word' id='word_1_97' title='bbox 806 943 910 990; x_wconf 59' lang='lat' dir='ltr'>cura,</span> <span class='ocrx_word' id='word_1_98' title='bbox 931 943 1196 995; x_wconf 62' lang='lat' dir='ltr'>concupientes</span> 
     </span>
     <span class='ocr_line' id='line_1_16' title="bbox 281 997 1312 1049; baseline -0.002 -13"><span class='ocrx_word' id='word_1_99' title='bbox 281 997 425 1048; x_wconf 83' lang='lat' dir='ltr'>Regni,</span> <span class='ocrx_word' id='word_1_100' title='bbox 450 997 543 1035; x_wconf 83' lang='lat' dir='ltr'>dant</span> <span class='ocrx_word' id='word_1_101' title='bbox 558 1011 712 1049; x_wconf 86' lang='lat' dir='ltr'>operam</span> <span class='ocrx_word' id='word_1_102' title='bbox 731 997 846 1036; x_wconf 85' lang='lat' dir='ltr'>simul</span> <span class='ocrx_word' id='word_1_103' title='bbox 865 998 1045 1049; x_wconf 89' lang='lat' dir='ltr'>auspicio,</span> <span class='ocrx_word' id='word_1_104' title='bbox 1065 997 1312 1049; x_wconf 84' lang='lat' dir='ltr'>augurioque.</span> 
     </span>
     <span class='ocr_line' id='line_1_17' title="bbox 283 1051 1345 1103; baseline 0 -15"><span class='ocrx_word' id='word_1_105' title='bbox 283 1051 391 1088; x_wconf 91' lang='lat' dir='ltr'>Hinc</span> <span class='ocrx_word' id='word_1_106' title='bbox 410 1051 557 1089; x_wconf 87' lang='lat' dir='ltr'>Remus</span> <span class='ocrx_word' id='word_1_107' title='bbox 576 1051 742 1102; x_wconf 88' lang='lat' dir='ltr'>auspicio</span> <span class='ocrx_word' id='word_1_108' title='bbox 761 1065 800 1089; x_wconf 91' lang='lat' dir='ltr'>se</span> <span class='ocrx_word' id='word_1_109' title='bbox 818 1051 989 1100; x_wconf 79' lang='lat' dir='ltr'>devovet,</span> <span class='ocrx_word' id='word_1_110' title='bbox 1010 1059 1125 1103; x_wconf 73' lang='lat' dir='ltr'>atque</span> <span class='ocrx_word' id='word_1_111' title='bbox 1139 1051 1345 1089; x_wconf 85' lang='lat' dir='ltr'>secundam</span> 
     </span>
     <span class='ocr_line' id='line_1_18' title="bbox 284 1104 1304 1156; baseline 0.002 -14"><span class='ocrx_word' id='word_1_112' title='bbox 284 1106 398 1143; x_wconf 90' lang='lat' dir='ltr'>Solus</span> <span class='ocrx_word' id='word_1_113' title='bbox 416 1118 526 1143; x_wconf 88' lang='lat' dir='ltr'>avem</span> <span class='ocrx_word' id='word_1_114' title='bbox 546 1113 679 1143; x_wconf 87' lang='lat' dir='ltr'>servat.</span> <span class='ocrx_word' id='word_1_115' title='bbox 708 1107 767 1143; x_wconf 87' lang='lat' dir='ltr'>At</span> <span class='ocrx_word' id='word_1_116' title='bbox 786 1105 973 1143; x_wconf 89' lang='lat' dir='ltr'>Romulu&#39;</span> <span class='ocrx_word' id='word_1_117' title='bbox 993 1106 1150 1156; x_wconf 87' lang='lat' dir='ltr'>pulcher</span> <span class='ocrx_word' id='word_1_118' title='bbox 1167 1104 1208 1142; x_wconf 93' lang='lat' dir='ltr'>in</span> <span class='ocrx_word' id='word_1_119' title='bbox 1226 1105 1304 1144; x_wconf 85' lang='lat' dir='ltr'>alto</span> 
     </span>
     <span class='ocr_line' id='line_1_19' title="bbox 285 1158 1266 1210; baseline 0 -15"><span class='ocrx_word' id='word_1_120' title='bbox 285 1158 437 1205; x_wconf 87' lang='lat' dir='ltr'>Quaerit</span> <span class='ocrx_word' id='word_1_121' title='bbox 453 1159 662 1207; x_wconf 82' lang='lat' dir='ltr'>Aventino,</span> <span class='ocrx_word' id='word_1_122' title='bbox 684 1171 834 1197; x_wconf 83' lang='lat' dir='ltr'>servans</span> <span class='ocrx_word' id='word_1_123' title='bbox 852 1172 972 1210; x_wconf 86' lang='lat' dir='ltr'>genus</span> <span class='ocrx_word' id='word_1_124' title='bbox 990 1159 1266 1197; x_wconf 76' lang='lat' dir='ltr'>altivolantfim.</span> 
     </span>
     <span class='ocr_line' id='line_1_20' title="bbox 286 1212 1331 1259; baseline 0.001 -9"><span class='ocrx_word' id='word_1_125' title='bbox 286 1212 508 1259; x_wconf 73' lang='lat' dir='ltr'>Certabant,</span> <span class='ocrx_word' id='word_1_126' title='bbox 525 1214 659 1250; x_wconf 90' lang='lat' dir='ltr'>urbem</span> <span class='ocrx_word' id='word_1_127' title='bbox 680 1213 849 1250; x_wconf 87' lang='lat' dir='ltr'>Romam</span> <span class='ocrx_word' id='word_1_128' title='bbox 869 1213 1127 1252; x_wconf 86' lang='lat' dir='ltr'>Remoramne</span> <span class='ocrx_word' id='word_1_129' title='bbox 1144 1219 1331 1252; x_wconf 87' lang='lat' dir='ltr'>vocarent.</span> 
     </span>
     <span class='ocr_line' id='line_1_21' title="bbox 286 1265 1198 1318; baseline 0 -14"><span class='ocrx_word' id='word_1_130' title='bbox 286 1265 476 1304; x_wconf 85' lang='lat' dir='ltr'>Omnibu&#39;</span> <span class='ocrx_word' id='word_1_131' title='bbox 497 1279 588 1304; x_wconf 88' lang='lat' dir='ltr'>cura</span> <span class='ocrx_word' id='word_1_132' title='bbox 606 1266 708 1314; x_wconf 90' lang='lat' dir='ltr'>viris,</span> <span class='ocrx_word' id='word_1_133' title='bbox 728 1274 812 1304; x_wconf 90' lang='lat' dir='ltr'>uter</span> <span class='ocrx_word' id='word_1_134' title='bbox 831 1274 925 1304; x_wconf 89' lang='lat' dir='ltr'>esset</span> <span class='ocrx_word' id='word_1_135' title='bbox 943 1267 1198 1318; x_wconf 88' lang='lat' dir='ltr'>induperator.</span> 
     </span>
     <span class='ocr_line' id='line_1_22' title="bbox 287 1319 1290 1372; baseline 0.003 -16"><span class='ocrx_word' id='word_1_136' title='bbox 287 1319 536 1370; x_wconf 76' lang='lat' dir='ltr'>Exspectant,</span> <span class='ocrx_word' id='word_1_137' title='bbox 557 1320 689 1365; x_wconf 86' lang='lat' dir='ltr'>veluti,</span> <span class='ocrx_word' id='word_1_138' title='bbox 710 1320 842 1358; x_wconf 85' lang='lat' dir='ltr'>consul</span> <span class='ocrx_word' id='word_1_139' title='bbox 861 1333 950 1358; x_wconf 91' lang='lat' dir='ltr'>cum</span> <span class='ocrx_word' id='word_1_140' title='bbox 968 1321 1118 1359; x_wconf 89' lang='lat' dir='ltr'>mittere</span> <span class='ocrx_word' id='word_1_141' title='bbox 1137 1321 1290 1372; x_wconf 87' lang='lat' dir='ltr'>signum</span> 
     </span>
     <span class='ocr_line' id='line_1_23' title="bbox 287 1372 1229 1425; baseline 0.003 -15"><span class='ocrx_word' id='word_1_142' title='bbox 287 1372 407 1411; x_wconf 84' lang='lat' dir='ltr'>Volt:</span> <span class='ocrx_word' id='word_1_143' title='bbox 437 1386 569 1411; x_wconf 89' lang='lat' dir='ltr'>omnes</span> <span class='ocrx_word' id='word_1_144' title='bbox 588 1373 689 1411; x_wconf 88' lang='lat' dir='ltr'>avidi</span> <span class='ocrx_word' id='word_1_145' title='bbox 707 1380 876 1425; x_wconf 85' lang='lat' dir='ltr'>spectant</span> <span class='ocrx_word' id='word_1_146' title='bbox 893 1374 942 1412; x_wconf 86' lang='lat' dir='ltr'>ad</span> <span class='ocrx_word' id='word_1_147' title='bbox 960 1375 1114 1413; x_wconf 89' lang='lat' dir='ltr'>carceris</span> <span class='ocrx_word' id='word_1_148' title='bbox 1132 1387 1229 1422; x_wconf 65' lang='lat' dir='ltr'>ora-5,</span> 
     </span>
     <span class='ocr_line' id='line_1_24' title="bbox 289 1425 1257 1478; baseline 0.004 -14"><span class='ocrx_word' id='word_1_149' title='bbox 289 1425 423 1474; x_wconf 87' lang='lat' dir='ltr'>Quam</span> <span class='ocrx_word' id='word_1_150' title='bbox 441 1439 533 1465; x_wconf 83' lang='lat' dir='ltr'>mox</span> <span class='ocrx_word' id='word_1_151' title='bbox 553 1427 701 1465; x_wconf 84' lang='lat' dir='ltr'>emittat</span> <span class='ocrx_word' id='word_1_152' title='bbox 718 1428 828 1478; x_wconf 87' lang='lat' dir='ltr'>pictis</span> <span class='ocrx_word' id='word_1_153' title='bbox 846 1441 894 1466; x_wconf 90' lang='lat' dir='ltr'>ex</span> <span class='ocrx_word' id='word_1_154' title='bbox 912 1428 1081 1468; x_wconf 88' lang='lat' dir='ltr'>faucibu’</span> <span class='ocrx_word' id='word_1_155' title='bbox 1100 1441 1232 1468; x_wconf 88' lang='lat' dir='ltr'>currus</span> <span class='ocrx_word' id='word_1_156' title='bbox 1245 1443 1257 1467; x_wconf 73' lang='grc' dir='ltr'><strong><em>ε</em></strong></span> 
     </span>
     <span class='ocr_line' id='line_1_25' title="bbox 290 1480 1205 1534; baseline 0.004 -17"><span class='ocrx_word' id='word_1_157' title='bbox 290 1480 354 1518; x_wconf 88' lang='lat' dir='ltr'>Sic</span> <span class='ocrx_word' id='word_1_158' title='bbox 373 1483 613 1532; x_wconf 80' lang='lat' dir='ltr'>exspectabat</span> <span class='ocrx_word' id='word_1_159' title='bbox 631 1482 810 1532; x_wconf 83' lang='lat' dir='ltr'>populus,</span> <span class='ocrx_word' id='word_1_160' title='bbox 831 1490 946 1534; x_wconf 87' lang='lat' dir='ltr'>atque</span> <span class='ocrx_word' id='word_1_161' title='bbox 963 1496 1027 1521; x_wconf 90' lang='lat' dir='ltr'>ore</span> <span class='ocrx_word' id='word_1_162' title='bbox 1045 1483 1205 1522; x_wconf 86' lang='lat' dir='ltr'>timebat</span> 
     </span>
    </p>

    <p class='ocr_par' dir='ltr' id='par_1_7' title="bbox 232 1533 1298 2021">
     <span class='ocr_line' id='line_1_26' title="bbox 232 1533 1164 1588; baseline 0.005 -17"><span class='ocrx_word' id='word_1_163' title='bbox 232 1545 234 1547; x_wconf 68' lang='grc'><strong><em>’</em></strong></span> <span class='ocrx_word' id='word_1_164' title='bbox 291 1533 439 1583; x_wconf 90' lang='lat' dir='ltr'>Rebus,</span> <span class='ocrx_word' id='word_1_165' title='bbox 460 1535 536 1572; x_wconf 89' lang='lat' dir='ltr'>utri</span> <span class='ocrx_word' id='word_1_166' title='bbox 555 1536 684 1586; x_wconf 90' lang='lat' dir='ltr'>magni</span> <span class='ocrx_word' id='word_1_167' title='bbox 705 1535 860 1574; x_wconf 73' lang='lat' dir='ltr'>w&#39;ctoria</span> <span class='ocrx_word' id='word_1_168' title='bbox 878 1536 925 1574; x_wconf 89' lang='lat' dir='ltr'>sit</span> <span class='ocrx_word' id='word_1_169' title='bbox 939 1536 1027 1575; x_wconf 88' lang='lat' dir='ltr'>data</span> <span class='ocrx_word' id='word_1_170' title='bbox 1045 1537 1164 1588; x_wconf 86' lang='lat' dir='ltr'>regni.</span> 
     </span>
     <span class='ocr_line' id='line_1_27' title="bbox 291 1588 1152 1629; baseline 0.005 -4"><span class='ocrx_word' id='word_1_171' title='bbox 291 1588 445 1626; x_wconf 88' lang='lat' dir='ltr'>Interea</span> <span class='ocrx_word' id='word_1_172' title='bbox 463 1589 518 1626; x_wconf 87' lang='lat' dir='ltr'>sol</span> <span class='ocrx_word' id='word_1_173' title='bbox 537 1589 641 1627; x_wconf 90' lang='lat' dir='ltr'>albu’</span> <span class='ocrx_word' id='word_1_174' title='bbox 657 1590 806 1627; x_wconf 89' lang='lat' dir='ltr'>recessit</span> <span class='ocrx_word' id='word_1_175' title='bbox 823 1590 862 1627; x_wconf 91' lang='lat' dir='ltr'>in</span> <span class='ocrx_word' id='word_1_176' title='bbox 881 1589 1002 1628; x_wconf 77' lang='lat' dir='ltr'>infera</span> <span class='ocrx_word' id='word_1_177' title='bbox 1020 1591 1152 1629; x_wconf 85' lang='lat' dir='ltr'>noctis.</span> 
     </span>
     <span class='ocr_line' id='line_1_28' title="bbox 291 1641 1210 1684; baseline 0.005 -5"><span class='ocrx_word' id='word_1_178' title='bbox 291 1641 399 1679; x_wconf 87' lang='lat' dir='ltr'>Exin</span> <span class='ocrx_word' id='word_1_179' title='bbox 417 1642 577 1680; x_wconf 86' lang='lat' dir='ltr'>candida</span> <span class='ocrx_word' id='word_1_180' title='bbox 596 1656 634 1681; x_wconf 89' lang='lat' dir='ltr'>se</span> <span class='ocrx_word' id='word_1_181' title='bbox 652 1642 765 1681; x_wconf 87' lang='lat' dir='ltr'>radiis</span> <span class='ocrx_word' id='word_1_182' title='bbox 784 1643 888 1681; x_wconf 84' lang='lat' dir='ltr'>dedit</span> <span class='ocrx_word' id='word_1_183' title='bbox 905 1644 980 1682; x_wconf 84' lang='lat' dir='ltr'>icta</span> <span class='ocrx_word' id='word_1_184' title='bbox 998 1644 1097 1683; x_wconf 87' lang='lat' dir='ltr'>foras</span> <span class='ocrx_word' id='word_1_185' title='bbox 1115 1645 1210 1684; x_wconf 84' lang='lat' dir='ltr'>lux:</span> 
     </span>
     <span class='ocr_line' id='line_1_29' title="bbox 293 1695 1211 1751; baseline 0.005 -18"><span class='ocrx_word' id='word_1_186' title='bbox 293 1695 348 1734; x_wconf 81' lang='lat' dir='ltr'>Et</span> <span class='ocrx_word' id='word_1_187' title='bbox 366 1695 482 1734; x_wconf 86' lang='lat' dir='ltr'>simul</span> <span class='ocrx_word' id='word_1_188' title='bbox 501 1709 547 1734; x_wconf 84' lang='lat' dir='ltr'>ex</span> <span class='ocrx_word' id='word_1_189' title='bbox 566 1697 643 1734; x_wconf 84' lang='lat' dir='ltr'>alto</span> <span class='ocrx_word' id='word_1_190' title='bbox 660 1697 773 1748; x_wconf 81' lang='lat' dir='ltr'>longe</span> <span class='ocrx_word' id='word_1_191' title='bbox 791 1697 1047 1749; x_wconf 88' lang='lat' dir='ltr'>pulcherrima</span> <span class='ocrx_word' id='word_1_192' title='bbox 1066 1712 1211 1751; x_wconf 86' lang='lat' dir='ltr'>praepes</span> 
     </span>
     <span class='ocr_line' id='line_1_30' title="bbox 294 1748 1266 1793; baseline 0.005 -6"><span class='ocrx_word' id='word_1_193' title='bbox 294 1748 413 1788; x_wconf 88' lang='lat' dir='ltr'>Laeva</span> <span class='ocrx_word' id='word_1_194' title='bbox 430 1750 571 1788; x_wconf 85' lang='lat' dir='ltr'>volavit</span> <span class='ocrx_word' id='word_1_195' title='bbox 590 1751 668 1788; x_wconf 87' lang='lat' dir='ltr'>avis</span> <span class='ocrx_word' id='word_1_196' title='bbox 683 1765 692 1788; x_wconf 75' lang='grc' dir='ltr'><strong>ε</strong></span> <span class='ocrx_word' id='word_1_197' title='bbox 724 1751 840 1789; x_wconf 86' lang='lat' dir='ltr'>simul</span> <span class='ocrx_word' id='word_1_198' title='bbox 857 1765 994 1790; x_wconf 84' lang='lat' dir='ltr'>aureus</span> <span class='ocrx_word' id='word_1_199' title='bbox 1012 1753 1180 1791; x_wconf 88' lang='lat' dir='ltr'>exoritur</span> <span class='ocrx_word' id='word_1_200' title='bbox 1197 1754 1266 1793; x_wconf 91' lang='lat' dir='ltr'>sol.</span> 
     </span>
     <span class='ocr_line' id='line_1_31' title="bbox 293 1803 1197 1857; baseline 0.004 -16"><span class='ocrx_word' id='word_1_201' title='bbox 293 1803 446 1842; x_wconf 90' lang='lat' dir='ltr'>Cedunt</span> <span class='ocrx_word' id='word_1_202' title='bbox 465 1804 512 1842; x_wconf 91' lang='lat' dir='ltr'>de</span> <span class='ocrx_word' id='word_1_203' title='bbox 531 1804 622 1842; x_wconf 83' lang='lat' dir='ltr'>coelo</span> <span class='ocrx_word' id='word_1_204' title='bbox 642 1813 697 1842; x_wconf 90' lang='lat' dir='ltr'>ter</span> <span class='ocrx_word' id='word_1_205' title='bbox 715 1812 879 1856; x_wconf 85' lang='lat' dir='ltr'>quatuor</span> <span class='ocrx_word' id='word_1_206' title='bbox 897 1818 1051 1857; x_wconf 87' lang='lat' dir='ltr'>corpora</span> <span class='ocrx_word' id='word_1_207' title='bbox 1069 1814 1197 1846; x_wconf 86' lang='lat' dir='ltr'>sancta</span> 
     </span>
     <span class='ocr_line' id='line_1_32' title="bbox 293 1857 1298 1914; baseline 0.007 -20"><span class='ocrx_word' id='word_1_208' title='bbox 293 1857 458 1904; x_wconf 91' lang='lat' dir='ltr'>Avium,</span> <span class='ocrx_word' id='word_1_209' title='bbox 478 1858 708 1909; x_wconf 85' lang='lat' dir='ltr'>praepetibus</span> <span class='ocrx_word' id='word_1_210' title='bbox 726 1871 804 1897; x_wconf 88' lang='lat' dir='ltr'>sese</span> <span class='ocrx_word' id='word_1_211' title='bbox 822 1859 1066 1914; x_wconf 84' lang='lat' dir='ltr'>pulchrisque</span> <span class='ocrx_word' id='word_1_212' title='bbox 1083 1861 1174 1899; x_wconf 90' lang='lat' dir='ltr'>locis</span> <span class='ocrx_word' id='word_1_213' title='bbox 1193 1861 1298 1901; x_wconf 81' lang='lat' dir='ltr'>dant.</span> 
     </span>
     <span class='ocr_line' id='line_1_33' title="bbox 295 1911 1258 1966; baseline 0.006 -18"><span class='ocrx_word' id='word_1_214' title='bbox 295 1911 490 1962; x_wconf 88' lang='lat' dir='ltr'>Conspicit</span> <span class='ocrx_word' id='word_1_215' title='bbox 507 1912 596 1950; x_wconf 87' lang='lat' dir='ltr'>inde</span> <span class='ocrx_word' id='word_1_216' title='bbox 615 1912 686 1950; x_wconf 90' lang='lat' dir='ltr'>sibi</span> <span class='ocrx_word' id='word_1_217' title='bbox 704 1912 793 1950; x_wconf 85' lang='lat' dir='ltr'>data</span> <span class='ocrx_word' id='word_1_218' title='bbox 811 1913 1004 1952; x_wconf 87' lang='lat' dir='ltr'>Romulus</span> <span class='ocrx_word' id='word_1_219' title='bbox 1023 1927 1101 1953; x_wconf 90' lang='lat' dir='ltr'>esse</span> <span class='ocrx_word' id='word_1_220' title='bbox 1119 1915 1258 1966; x_wconf 88' lang='lat' dir='ltr'>priora,</span> 
     </span>
     <span class='ocr_line' id='line_1_34' title="bbox 294 1964 1241 2021; baseline 0.006 -19"><span class='ocrx_word' id='word_1_221' title='bbox 294 1964 482 2016; x_wconf 90' lang='lat' dir='ltr'>Auspicio</span> <span class='ocrx_word' id='word_1_222' title='bbox 499 1966 607 2016; x_wconf 87' lang='lat' dir='ltr'>regni</span> <span class='ocrx_word' id='word_1_223' title='bbox 626 1966 792 2005; x_wconf 85' lang='lat' dir='ltr'>stabilita</span> <span class='ocrx_word' id='word_1_224' title='bbox 810 1979 977 2016; x_wconf 83' lang='lat' dir='ltr'>scamna,</span> <span class='ocrx_word' id='word_1_225' title='bbox 997 1969 1241 2021; x_wconf 83' lang='lat' dir='ltr'>solumque.”</span> 
     </span>
    </p>
   </div>
   <div class='ocr_carea' id='block_1_6' title="bbox 239 2054 1362 2217">
    <p class='ocr_par' dir='ltr' id='par_1_8' title="bbox 239 2054 1362 2217">
     <span class='ocr_line' id='line_1_35' title="bbox 298 2054 1361 2107; baseline 0.006 -16"><span class='ocrx_word' id='word_1_226' title='bbox 298 2054 457 2092; x_wconf 84' lang='lat' dir='ltr'>XLIX.</span> <span class='ocrx_word' id='word_1_227' title='bbox 485 2054 574 2099; x_wconf 85' lang='lat' dir='ltr'>Sed,</span> <span class='ocrx_word' id='word_1_228' title='bbox 596 2054 698 2093; x_wconf 89' lang='lat' dir='ltr'>unde</span> <span class='ocrx_word' id='word_1_229' title='bbox 717 2055 793 2093; x_wconf 91' lang='lat' dir='ltr'>huc</span> <span class='ocrx_word' id='word_1_230' title='bbox 808 2055 973 2107; x_wconf 81' lang='lat' dir='ltr'>digressa</span> <span class='ocrx_word' id='word_1_231' title='bbox 991 2063 1060 2106; x_wconf 89' lang='lat' dir='ltr'>est,</span> <span class='ocrx_word' id='word_1_232' title='bbox 1080 2057 1213 2096; x_wconf 87' lang='lat' dir='ltr'>eodem</span> <span class='ocrx_word' id='word_1_233' title='bbox 1231 2057 1361 2097; x_wconf 87' lang='lat' dir='ltr'>redeat</span> 
     </span>
     <span class='ocr_line' id='line_1_36' title="bbox 239 2107 1361 2164; baseline 0.004 -18"><span class='ocrx_word' id='word_1_234' title='bbox 239 2108 373 2146; x_wconf 87' lang='lat' dir='ltr'>oratio.</span> <span class='ocrx_word' id='word_1_235' title='bbox 413 2108 455 2146; x_wconf 82' lang='lat' dir='ltr'>si</span> <span class='ocrx_word' id='word_1_236' title='bbox 473 2107 571 2146; x_wconf 85' lang='lat' dir='ltr'>nihil</span> <span class='ocrx_word' id='word_1_237' title='bbox 590 2122 728 2160; x_wconf 86' lang='lat' dir='ltr'>queam</span> <span class='ocrx_word' id='word_1_238' title='bbox 748 2110 954 2162; x_wconf 73' lang='lat' dir='ltr'>disputare,</span> <span class='ocrx_word' id='word_1_239' title='bbox 975 2113 1226 2162; x_wconf 85' lang='lat' dir='ltr'>quamobrem</span> <span class='ocrx_word' id='word_1_240' title='bbox 1248 2113 1361 2164; x_wconf 84' lang='lat' dir='ltr'>quid-</span> 
     </span>
     <span class='ocr_line' id='line_1_37' title="bbox 243 2161 1362 2217; baseline 0.006 -17"><span class='ocrx_word' id='word_1_241' title='bbox 243 2174 321 2214; x_wconf 85' lang='lat' dir='ltr'>que</span> <span class='ocrx_word' id='word_1_242' title='bbox 345 2161 437 2209; x_wconf 83' lang='lat' dir='ltr'>fiat;</span> <span class='ocrx_word' id='word_1_243' title='bbox 469 2169 506 2201; x_wconf 84' lang='lat' dir='ltr'>et</span> <span class='ocrx_word' id='word_1_244' title='bbox 531 2163 812 2214; x_wconf 81' lang='lat' dir='ltr'>tantummodo,</span> <span class='ocrx_word' id='word_1_245' title='bbox 833 2164 915 2203; x_wconf 86' lang='lat' dir='ltr'>fieri</span> <span class='ocrx_word' id='word_1_246' title='bbox 941 2177 997 2215; x_wconf 82' lang='lat' dir='ltr'>ea,</span> <span class='ocrx_word' id='word_1_247' title='bbox 1018 2178 1105 2217; x_wconf 87' lang='lat' dir='ltr'>quae</span> <span class='ocrx_word' id='word_1_248' title='bbox 1130 2178 1362 2207; x_wconf 85' lang='lat' dir='ltr'>commemo-</span> 
     </span>
    </p>
   </div>
   <div class='ocr_carea' id='block_1_7' title="bbox 1411 0 1470 1300">
    <p class='ocr_par' dir='ltr' id='par_1_9' title="bbox 1411 0 1470 1300">
     <span class='ocr_line' id='line_1_38' title="bbox 1411 0 1470 1300; baseline 0 0"><span class='ocrx_word' id='word_1_249' title='bbox 1411 0 1470 1300; x_wconf 95' lang='lat' dir='ltr'> </span> 
     </span>
    </p>
   </div>
  </div>
 </body>
</html>
