1470 2402
262 115 340 156 DE
369 116 637 165 LEGIBUS,
661 117 761 156 L113.
786 116 821 155 Ι.
843 115 950 156 Cn.
973 116 1011 154 6.
1140 112 1218 150 135

90 221 313 274 disputandi
338 226 462 277 magis
487 226 645 265 honeste
669 225 856 278 patefieri,
877 223 972 276 quid
997 222 1045 262 sit
1068 218 1222 260 homini

89 276 279 317 tributum
306 281 469 327 natm-313
504 289 691 332 quantam
724 281 804 319 vim
828 292 958 318 rerum
983 277 1220 329 optimarum

90 342 200 369 mens
218 333 391 372 humana
409 335 622 380 contineatg
644 335 754 384 cujus
778 333 949 373 muneris
969 330 1117 370 colendi
1136 329 1219 367 effi-

90 384 291 438 ciendique
309 389 425 427 causa
442 389 524 427 nati
550 398 587 428 et
612 390 653 427 in
677 389 805 429 lucem
834 387 926 426 editi
952 386 1104 430 simus3
1131 396 1220 435 <1¹1ae

91 439 140 477 sit
155 442 373 490 conjunctio
391 443 610 489 hominum,
632 458 719 495 quae
738 442 922 481 naturalis
946 441 1102 479 societas
1120 438 1220 475 inter

90 493 206 544 ipsos.
236 495 313 534 His
332 497 435 535 enim
455 498 667 549 explicatis,
687 498 772 536 fons
790 498 922 548 legum
942 503 979 534 et
995 494 1092 544 juris
1111 493 1219 530 inve-

71 556 74 559 ’
91 547 167 585 niri
184 557 320 599 potest.
363 552 534 590 Atticus.
556 553 649 592 Non
670 566 759 604 ergo
778 566 802 590 a
819 550 990 603 praetoris
1017 548 1154 593 edicto,
1175 554 1221 584 ut

91 602 266 655 plerique
284 617 402 654 nunc,
423 619 550 658 neque
575 620 598 644 a
623 607 713 644 XII
737 606 894 651 tabulis,
922 612 969 642 ut
993 601 1220 654 superiores,

91 656 158 694 sed
175 658 329 708 penitus
348 673 396 698 ex
415 659 553 699 intima
571 661 829 712 philosophia,
849 657 1102 697 hauriendam
1122 655 1222 704 juris

91 710 336 763 disciplinam
354 724 480 766 putas.
511 717 694 753 Marcus.
717 716 811 754 Non
829 714 934 752 enim
951 712 991 750 id
1011 710 1222 763 quaerimus

89 763 162 804 hoc
181 779 368 817 sermone,
386 769 594 821 Pomponi,
611 768 942 821 quemadmodum
962 778 1165 805 caveamus
1178 763 1221 800 in

86 819 190 868 jure,
217 829 285 860 aut
312 823 407 874 quid
435 823 483 862 de
509 823 664 876 quaque
689 823 966 862 consultatione
993 818 1223 871 respondea-

92 885 194 912 mus.
224 875 284 914 Sit
301 876 375 916 ista
392 891 450 917 ιω
469 891 626 929 magna,
648 879 745 917 sicut
764 886 844 923 est;
875 889 964 928 quae
983 873 1180 926 quondam
1200 885 1224 910 a

91 928 227 967 multis
246 931 357 970 claris
380 932 483 981 viris,
511 945 616 972 nunc
642 934 691 971 ab
715 945 794 970 uno
819 931 974 969 summa
1000 928 1224 967 auctoritate

91 988 130 1020 et
149 982 303 1023 scientia
322 987 554 1026 sustinetur:
587 986 653 1025 sed
670 986 780 1025 nobis
798 986 853 1023 ita
872 982 1160 1036 complectenda
1180 981 1222 1019 in

89 1035 163 1075 hac
204 1037 462 1091 disputatione
494 1049 575 1079 tota
606 1054 722 1080 causa
756 1039 925 1078 universi
954 1038 1053 1089 juris
1092 1046 1147 1075 est
1179 1047 1224 1073 ac

91 1090 240 1142 legum,
274 1101 320 1132 ut
356 1095 444 1144 hoc,
476 1095 586 1135 civile
619 1095 725 1147 quod
761 1094 940 1140 dicimus,
978 1093 1020 1130 in
1054 1103 1222 1143 parvum

90 1146 303 1196 quemdam
340 1156 377 1188 et
414 1158 626 1201 angustum
661 1150 792 1188 locum
817 1147 1078 1187 concludatur.
1136 1145 1222 1183 Na-

91 1206 179 1238 tura
198 1201 301 1240 enim
317 1203 415 1252 juris
442 1204 670 1257 explicanda
697 1211 753 1243 απ
780 1203 905 1251 nobis,
934 1214 1055 1254 eaque
1083 1201 1132 1238 ab
1151 1199 1223 1236 ho-

90 1254 208 1294 minis
244 1258 452 1309 repetenda
481 1258 643 1297 natura:
674 1257 959 1298 considerandae
988 1257 1106 1307 leges,
1134 1253 1222 1305 qui-

91 1309 166 1347 bus
184 1310 354 1351 civitates
372 1313 454 1365 regi
473 1313 660 1352 debeant:
691 1321 778 1351 tum
796 1313 879 1351 haec
898 1309 1110 1357 tractanda,
1131 1321 1220 1360 quae

93 1365 305 1416 composita
315 1375 405 1405 sunt
425 1376 461 1406 et
476 1368 676 1419 descripta,
694 1369 783 1417 jura
797 1375 834 1405 et
848 1367 956 1416 jussa
969 1364 1219 1417 populorum,

89 1416 130 1454 in
150 1419 292 1470 quibus
311 1433 360 1460 ne
379 1422 498 1461 nostri
517 1423 676 1474 quidem
694 1421 830 1474 populi
844 1422 1036 1468 latebunt,
1053 1431 1140 1470 quae
1154 1428 1222 1456 vo-

90 1481 226 1511 cantur
240 1475 332 1524 jura
350 1476 488 1515 civilia.

145 1527 222 1566 VI.
256 1529 438 1574 Quintus.
469 1532 567 1570 Alte
585 1544 688 1579 vero,
709 1538 761 1580 et,
785 1538 831 1569 ut
855 1536 1018 1582 oportet,
1040 1540 1064 1566 a
1082 1526 1221 1578 capite,

90 1579 222 1630 frater,
242 1585 395 1635 repetis,
416 1586 522 1637 quod
541 1586 775 1639 quaerimus:
807 1593 844 1623 et
863 1584 932 1636 qui
955 1583 1064 1622 aliter
1086 1582 1152 1631 jus
1171 1580 1224 1618 ci-

94 1634 170 1674 vile
188 1637 360 1687 tradunt,
376 1652 454 1678 non
473 1648 554 1679 tam
565 1640 725 1690 justitiae
739 1653 860 1692 quam
873 1636 1052 1689 litigandi
1064 1635 1224 1673 tradunt

95 1688 188 1729 vias.
218 1692 401 1732 Marcus.
423 1695 516 1733 Non
536 1702 592 1733 ffit
609 1695 679 1743 ita,
700 1694 873 1742 Quinte:
904 1705 948 1730 ac
966 1691 1095 1743 potius
1113 1689 1225 1739 igno-

95 1743 194 1782 ratio
209 1745 307 1794 juris
325 1747 493 1799 litigiosa
512 1756 581 1795 est,
603 1761 722 1800 quam
742 1747 910 1786 scientia.
941 1745 1018 1785 Sed
1034 1745 1117 1782 haec
1135 1754 1225 1794 pos-

95 1797 226 1837 terius.
256 1800 299 1838 N
301 1813 376 1839 unc
392 1802 490 1851 juris
503 1803 692 1854 principia
710 1802 923 1840 videamus.

150 1853 278 1903 Igitur
306 1854 532 1895 doctissimis
559 1857 648 1895 viris
675 1856 863 1908 proficisci
889 1853 1036 1906 placuit
1062 1866 1086 1890 a
1111 1851 1221 1902 lege:

94 1905 201 1944 haud
220 1908 296 1947 scio
315 1922 365 1947 an
383 1918 496 1957 recte,
518 1911 550 1949 si
568 1911 698 1957 modo,
718 1918 763 1948 ut
781 1910 899 1947 iidem
918 1908 1121 1954 definiunt,
1137 1906 1226 1944 Lex

94 1968 151 1998 est
169 1962 266 2000 ratio
285 1977 452 2011 summa,
472 1965 588 2003 insita
605 1966 647 2002 in
666 1963 817 2011 natura,
834 1977 922 2015 quae
937 1964 1047 2013 jubet
1062 1974 1120 2009 ea,
1137 1973 1225 2011 quae

95 2014 271 2056 facienda
300 2026 405 2067 sunt,
437 2019 691 2071 prohibetque
715 2018 914 2058 contraria.
950 2016 1102 2055 Eadem
1128 2013 1227 2052 ratio

95 2079 187 2161 (Itum
212 2078 268 2110 est
296 2072 339 2110 in
367 2073 535 2114 hominis
562 2086 692 2114 mente
721 2073 946 2113 confirmata
974 2079 1012 2110 et
1037 2069 1223 2116 confecta,

114 2136 163 2161 ex
182 2133 250 2164 est.

155 2178 297 2231 Itaque
312 2182 561 2230 arbitrantur,
579 2182 826 2235 prudentiam
855 2194 935 2221 esse
954 2181 1096 2232 legem,
1117 2178 1229 2227 cujus

105 2243 150 2270 ea
168 2233 226 2273 vis
243 2235 306 2283 sit,
337 2246 383 2277 ut
406 2245 506 2278 recte
530 2237 654 2278 facere
676 2238 827 2287 Jubeat,
856 2243 958 2275 vetet
981 2234 1226 2285 delinquet&
