1470 2402
247 111 530 153 SOMNIUM
559 110 1063 157 SCIPIONIS.CA1’·7
1146 113 1225 152 425

89 235 226 278 parva,
246 228 292 260 ut
310 229 380 271 oet,
399 222 455 262 ita
471 222 638 271 videtur,
664 221 748 262 haec
766 223 932 261 coelestia
951 235 1102 275 semper
1127 235 1235 274 spec-

93 285 202 319 tato:
231 276 301 315 illa
317 277 491 315 humana
509 277 757 316 contemnito.
786 277 854 316 Tu
874 277 978 316 enim
998 290 1118 329 quam
1137 277 1234 316 cele-

94 333 276 374 britatem
296 331 480 371 sennonis
503 332 724 380 hominum,
749 340 817 370 aut
839 345 960 384 quam
977 332 1236 397 expetendam

98 387 278 440 gloriam,
294 387 476 438 consequi
489 394 596 438 potes
611 389 628 425 ἓ
658 386 779 425 Vides
790 386 985 425 habitari
974 399 1015 424 m
1030 387 1130 425 terra
1144 387 1239 426 raris

100 449 140 482 et
163 441 335 492 angustis
359 442 400 479 in
425 441 543 487 locis,
532 455 542 465 ·
575 449 612 479 et
635 441 676 479 in
701 441 793 502 ipsis
823 442 933 493 quasi
961 441 1137 489 maculis,
1169 442 1238 480 ubi

101 496 313 543 habitatur,
334 502 459 534 vastas
478 471 702 534 solitudines
720 497 958 557 interjectas:
989 496 1150 548 hosque,
1171 496 1241 547 qui

103 551 279 590 incolunt
311 557 467 597 terram,
495 562 573 588 non
599 549 715 588 modo
740 550 972 603 interruptos
996 551 1051 588 ita
1079 563 1171 598 esse,
1195 558 1240 588 ut

102 605 203 644 nihil
221 604 321 643 inter
339 604 441 656 ipsos
464 606 513 643 ab
533 604 616 643 aliis
637 605 686 643 ad
705 605 798 643 alios
823 618 981 643 manare
1000 605 1144 657 possit,
1176 604 1242 644 sed

102 659 246 712 partim
270 659 462 711 obliquos,
495 660 637 711 partim
668 673 832 708 aversos,
858 660 1001 711 partim
1033 660 1148 698 etiam
1174 659 1242 698 ad-

103 727 231 754 versos
245 721 344 752 stare
366 714 497 753 101115
487 743 497 751 .
521 727 544 752 3
562 715 704 766 (111111115
724 724 941 766 exspectare
959 714 1124 765 gloriam
1144 722 1243 753 certe

104 769 257 808 nullam
271 768 440 820 potestis.
471 769 606 808 Cernis
621 777 751 808 autem
767 770 943 808 eamdem
958 777 1115 817 terram,
1132 769 1244 820 quasi

106 823 344 876 quibusdam
373 823 595 861 redimitam
624 832 661 862 et
694 824 971 863 circumdatam
1003 823 1192 875 cingulisz
1224 837 1245 862 e

105 878 249 930 quibus
267 877 379 927 duos,
399 878 572 916 maxime
596 879 697 917 inter
720 892 760 917 se
785 878 967 928 diversos,
995 886 1032 916 et
1055 878 1138 916 coeli
1162 891 1244 916 ver-

105 932 246 972 ticibus
275 931 369 983 ipsis
398 945 448 971 ex
476 933 643 985 utraque
671 940 780 985 parte
805 933 1004 981 subnixos,
1036 933 1247 983 obriguisse

106 987 250 1039 pruina
275 986 408 1034 vides3
438 987 613 1026 medium
631 996 764 1026 autem
789 988 918 1036 illum,
946 994 983 1026 et
1008 987 1244 1036 maximum,

108 1041 198 1091 solis
217 1041 352 1080 ardore
369 1042 515 1081 torreri.
564 1042 659 1081 Duo
677 1050 767 1081 sunt
792 1042 1046 1088 habitabile33
1078 1054 1246 1093 quorum

106 1095 305 1134 Australis
322 1095 403 1144 1110,
423 1096 465 1134 111
484 1109 563 1148 (1110
588 1097 657 1149 (1111
667 1097 862 1144 insistunt,
880 1097 1037 1134 adversa
1055 1096 1164 1134 vobis
1183 1109 1248 1134 ur-

107 1158 202 1202 gent
216 1150 389 1202 vestigia,
410 1151 509 1190 nihil
523 1151 574 1189 ad
592 1159 762 1190 vestrum
777 1164 911 1202 genus.
943 1151 1022 1189 Hic
1041 1159 1173 1189 autem
1192 1151 1249 1189 al-

110 1212 183 1254 ter,
203 1205 398 1255 subjectus
416 1205 623 1257 Aquiloni,
644 1219 762 1258 quem
780 1205 959 1254 incolitis,
982 1218 1107 1254 cerne,
1129 1218 1248 1257 quam

111 1258 220 1298 tenui
247 1272 314 1298 vos
342 1266 452 1311 parte
477 1259 686 1312 contingat.
721 1259 865 1299 Omnis
890 1260 995 1299 enim
1020 1268 1135 1307 terra,
1162 1273 1251 1312 quae

111 1313 251 1353 colitur
269 1327 294 1351 3
311 1314 435 1363 vobis,
465 1322 631 1366 angusta
655 1315 875 1363 verticibus,
905 1314 1089 1353 lateribus
1118 1314 1246 1363 latior,

110 1381 233 1420 parva
250 1367 431 1419 quaedam
449 1368 578 1408 insula
596 1376 666 1418 est,
684 1370 917 1409 circumfusa
933 1369 1002 1407 illo
1015 1368 1130 1417 mari,
1146 1369 1251 1421 quod

109 1422 373 1471 Atlanticum,
397 1423 504 1474 quod
521 1423 736 1475 Magnum,
757 1437 875 1476 quem
895 1423 1100 1462 Oceanum
1114 1423 1250 1475 appel-

110 1476 199 1518 latis
222 1476 266 1515 in
290 1477 399 1516 terris
412 1491 425 1516 a
455 1477 525 1528 qui
547 1485 693 1526 tamen,
725 1485 834 1517 tanto
858 1477 1029 1527 nomine,
1062 1490 1182 1530 quam
1201 1477 1250 1516 sit

110 1543 269 1583 parvus,
301 1530 417 1570 vides.
460 1531 529 1570 Ex
559 1531 620 1570 his
652 1532 745 1584 ipsis
777 1533 890 1571 cultis
921 1532 1099 1584 notisque
1126 1531 1251 1580 terris,

110 1597 211 1624 num
234 1591 303 1623 aut
328 1591 443 1623 tuum
462 1592 531 1624 aut
549 1587 782 1638 cujusquam
806 1589 981 1625 nostrum
1006 1599 1163 1634 nomen,
1188 1587 1251 1625 vel

113 1639 335 1680 Caucasum
362 1639 482 1688 himc,
514 1653 632 1691 quem
657 1641 794 1690 cernis,
820 1641 1086 1680 transcendere
1109 1640 1252 1692 potuit,

111 1695 177 1734 vel
208 1694 325 1732 illum
359 1694 540 1745 Gangem
576 1702 814 1734 transnatare
828 1698 846 1734 Ρ
876 1695 977 1744 Quis
1013 1695 1055 1733 in
1092 1695 1253 1747 reliquis

113 1748 270 1788 orientis
289 1755 357 1786 aut
375 1748 553 1788 obeuntis
571 1749 660 1788 solis
678 1750 827 1788 ultimis
845 1758 914 1789 aut
935 1750 1145 1802 Aquilonis
1164 1753 1254 1788 Au-

114 1803 233 1843 strive
250 1803 439 1855 partibus,
460 1810 575 1842 tuum
599 1817 743 1844 nomen
762 1805 892 1844 audiet
906 1807 924 1844 ἒ·
954 1805 1096 1857 quibus
1114 1817 1253 1856 ampu-

117 1858 222 1907 tatis,
243 1858 379 1907 cernis,
398 1857 584 1909 profecto,
604 1860 759 1912 quantis
776 1859 817 1898 in
832 1860 1019 1911 angustiis
1033 1866 1158 1898 vestra
1171 1860 1255 1910 glo-

115 1912 174 1951 ria
192 1926 232 1951 se
250 1912 403 1950 dilatari
421 1912 524 1952 velit.
554 1914 638 1965 Ipsi
656 1921 800 1964 autem,
821 1915 890 1967 qui
904 1915 952 1953 de
965 1914 1073 1953 vobis
1086 1914 1255 1966 loquun-

119 1974 198 2015 tur,
219 1979 340 2019 quam
357 1967 565 2019 loquentur
583 1968 682 2007 diu?

174 2021 278 2060 VII.
308 2021 418 2070 Quin
441 2022 573 2072 etiam,
605 2024 637 2062 si
655 2023 786 2086 cupiat
803 2024 929 2087 proles
946 2024 1016 2062 illa
1032 2023 1256 2062 futurorum

120 2076 329 2115 hominum
346 2076 523 2129 deinceps
544 2076 679 2117 laudes
700 2079 816 2117 unius
818 2080 1006 2131 cujusque
1024 2081 1257 2124 nostrum,a

120 2130 295 2182 patribus
314 2138 501 2183 acceptaS,
526 2132 686 2184 posteris
708 2133 894 2185 prodere,
925 2141 1070 2181 tamen,
1101 2139 1257 2183 propter

119 2185 316 2226 eluviones
334 2186 628 2240 exustionesque
641 2194 846 2236 terrarum,
868 2201 965 2240 quas
979 2186 1147 2226 accidere
1162 2194 1260 2224 tem-

117 2251 212 2291 pore
240 2246 343 2289 eerto
369 2253 520 2282 necesse
546 2249 616 2295 oet,
644 2255 722 2284 non
748 2242 865 2283 modo
891 2250 1088 2289 aeternam,
1121 2240 1187 2280 sed
1212 2252 1261 2278 ne

801 2299 826 2336 2
849 2308 875 2338 o
907 2297 932 2336 3
