1470 2402
436 90 849 131 PHAENOMENA.
1127 90 1206 126 447

85 196 196 246 Quos
214 198 385 238 humeris
403 200 541 239 retinet
558 200 686 239 defixo
705 213 859 252 corpore
878 199 1042 237 Perseus
1059 212 1069 235 :
1136 198 1203 235 ·21

85 252 217 300 Quem
237 255 391 293 summa
409 256 458 293 ab
472 256 626 306 regione
639 255 850 307 Aquilonis
867 253 1025 292 flamina
1043 251 1212 304 pulsant.

83 306 164 346 Hic
182 307 358 347 dextram
378 309 427 347 ad
446 310 551 348 sedes
572 309 737 348 intendit
760 308 988 360 Cassiopeae,

81 360 341 414 Diversosque
359 363 475 415 pedes
494 364 638 402 vinctos
657 364 840 402 talaribus
856 363 968 415 aptis,

84 415 382 456 Pulverulentus
401 418 459 457 uti
476 419 524 456 de
542 419 643 456 terra
660 419 785 470 lapsu'
806 425 960 470 repente
1157 417 1210 453 25

86 469 134 508 In
154 472 293 510 coelum
313 473 431 511 victor
448 485 637 524 magnum
656 475 729 511 sub
748 472 917 511 culmine
935 477 1074 523 portat.

85 525 158 573 At,
180 534 334 577 propter
352 527 494 565 laevum
515 540 650 578 genus,
671 527 778 566 omni
797 540 844 565 ex
859 535 966 578 parte
984 526 1125 563 locatas

85 580 230 619 Parvas
249 580 440 632 Vergilias
459 582 566 620 tenui
582 595 672 620 cum
690 582 776 620 luce
796 581 954 620 videbis.

86 633 165 672 Hae
183 643 328 687 septem
347 636 464 687 vulgo
482 636 732 688 perhibentur
750 649 856 674 more
875 642 1023 674 vetusto

85 688 240 735 Stellae3
271 699 481 729 cernuntur
499 704 587 729 vero
607 704 672 729 sex
690 690 864 742 undique
882 703 1022 742 parvae.
1160 688 1213 726 30

83 742 144 780 At
162 755 239 782 non
258 744 443 783 interiisse
462 745 591 797 putan‘
606 745 782 784 convenit
800 757 921 782 unam
938 758 948 782 ε

85 796 160 835 Sed
178 798 320 837 frustra
338 806 478 838 temere
497 814 520 838 a
538 800 670 851 vulgo,
691 799 835 837 ratione
855 799 934 837 sine
952 797 1049 845 ulla,

84 852 242 903 Septem
260 853 391 902 dicier,
410 861 456 892 ut
474 862 618 893 veteres
637 856 802 892 statuere
821 857 959 905 poe'tae,

84 905 250 946 AEterno
269 916 424 947 cunctas
443 922 523 947 aevo
543 908 611 960 qui
629 908 785 946 nomine
804 908 980 959 dignant,

84 960 278 1012 Alcyone,
299 962 554 1015 Meropeque,
579 962 749 1011 Celaeno,
769 962 807 1000 T
810 966 1036 1014 aygeteque,
1159 961 1212 998 35

83 1013 255 1063 Electra,
273 1017 522 1070 Steropeque,
544 1017 663 1055 simul
682 1017 921 1056 sanctissima
940 1016 988 1054 M
1002 1015 1080 1053 aia.

83 1068 161 1107 Hae
180 1077 312 1109 tenues
330 1085 448 1123 parvo
466 1072 638 1110 labentes
656 1071 805 1109 lumine
821 1072 974 1109 lucent:

82 1124 143 1162 At
161 1136 350 1176 magnum
369 1139 510 1165 nomen
532 1127 647 1178 signi,
666 1127 891 1177 clarumque
906 1131 1077 1172 vocatur,

83 1177 293 1230 Propterea
311 1181 416 1232 quod
435 1190 472 1220 et
491 1182 629 1219 aestatis
648 1181 859 1233 primordia
876 1180 1008 1227 clarat,

82 1231 139 1270 Et
158 1242 244 1284 post
261 1234 411 1274 hiberni
429 1236 681 1287 praepandens
700 1235 883 1287 temporis
901 1242 1021 1281 ortus,
1160 1236 1213 1273 40

83 1287 299 1338 Admonet,
320 1298 365 1328 ut
384 1290 568 1329 mandent
587 1289 768 1329 mortales
788 1290 934 1328 semina
954 1289 1075 1327 terris.

85 1341 185 1380 Inde
204 1343 319 1382 Fides
336 1344 469 1383 leviter
487 1345 611 1397 posita
630 1352 668 1383 et
685 1357 856 1383 convexa
874 1344 1039 1391 videtur,

85 1395 305 1436 Mercurius
326 1397 508 1452 [parvus]
529 1399 710 1437 manibus
725 1412 845 1451 quam
863 1398 1004 1437 dicitur
1022 1398 1116 1436 olim

87 1449 300 1505 [Infirmis]
321 1453 528 1491 fabricatus
547 1454 587 1491 in
608 1454 686 1491 alta
705 1453 792 1491 sede
809 1454 978 1497 loc&sse;

86 1504 189 1552 Quae
206 1519 328 1558 genus
347 1507 396 1545 ad
414 1507 557 1546 laevum
578 1507 677 1546 Nixi
696 1507 852 1558 delapsa
870 1507 1023 1553 resedit,
1161 1508 1214 1545 45

84 1560 222 1612 Atque
239 1561 338 1599 inter
355 1562 500 1600 flexum
521 1574 657 1613 genus,
679 1571 716 1600 et
735 1570 851 1613 caput
867 1561 1002 1609 Alitis,
1023 1561 1146 1600 haesit.

85 1613 272 1667 Namque
291 1624 347 1654 est
364 1616 463 1655 Ales
482 1617 576 1663 avis,
597 1616 675 1654 lato
696 1617 767 1654 sub
787 1615 957 1666 tegmine
976 1617 1063 1654 coeli

86 1668 189 1716 Quae
208 1670 325 1717 volat,
346 1679 384 1709 et
402 1683 558 1722 serpens
576 1670 741 1722 geminis
761 1678 861 1708 secat
879 1670 967 1707 a'e'ra
985 1670 1133 1721 pennis.

85 1723 225 1762 Altera
241 1738 330 1776 pars
348 1725 440 1763 huic
458 1726 619 1764 obscura
634 1732 703 1772 est,
725 1731 763 1762 et
780 1724 940 1762 luminis
960 1738 1120 1776 expers:

85 1777 226 1817 Altera
243 1792 314 1818 nec
331 1780 459 1831 parvis
478 1791 548 1818 nec
566 1779 677 1817 claris
695 1779 848 1816 lucibus
866 1779 987 1826 ardet,
1161 1782 1214 1818 50

87 1832 164 1870 Sed
181 1833 373 1872 mediocre
387 1833 481 1884 jacit
499 1834 674 1885 quatiens
693 1846 713 1871 e
733 1846 888 1884 corpore
906 1833 1052 1872 lumen.

87 1885 187 1926 Haec
205 1887 381 1926 dextram
404 1887 551 1939 Cephei
569 1888 704 1926 dextro
722 1887 819 1938 pede
837 1888 978 1938 pellere
996 1889 1171 1940 palmam

89 1940 238 1980 Gestit:
267 1944 350 1992 jam
369 1955 456 1981 vero
477 1943 616 1981 clinata
634 1949 691 1981 est
710 1942 859 1992 ungula
878 1942 1084 1981 vehemens

86 1994 213 2035 Fortis
230 1996 353 2049 Equi,
373 2005 529 2049 propter
546 1996 706 2049 pennati
724 1996 890 2047 corporis
909 1997 1023 2035 alam.

87 2047 179 2101 Ipse
197 2059 327 2089 autem
344 2052 478 2090 labens
495 2051 629 2090 multis
648 2051 788 2102 Equus
806 2051 872 2088 ille
890 2058 1042 2090 tenetur
1162 2053 1215 2090 55

87 2103 288 2144 Piscibus:
318 2106 410 2144 huic
429 2106 556 2144 cervix
574 2105 710 2144 dextra
727 2105 920 2143 mulcetur
937 2107 1108 2158 Aquari.

87 2157 218 2198 Serius
231 2159 314 2199 haec
331 2160 460 2199 obitus
477 2161 593 2199 terrai
612 2160 702 2199 visit
718 2159 826 2211 Equi
846 2159 915 2207 vis,

85 2211 235 2263 Quam,
254 2214 428 2266 gelidum
447 2214 575 2255 valido
593 2214 642 2254 de
660 2227 816 2266 corpore
833 2213 956 2266 frigus
975 2215 1177 2263 anhelans,
