1470 2402
386 119 465 160 DE
494 117 852 167 SENECTUTE,
883 116 988 158 CAP.
1013 118 1074 164 17.
1212 119 1291 157 355

166 227 241 267 sibi
257 228 394 280 pssam,
414 229 487 268 sibi
505 230 716 268 natationes
738 236 776 268 et
800 241 956 267 cursus:
988 226 1098 265 nobis
1122 225 1290 271 senibus,

167 294 218 320 ex
243 283 458 323 lusionibus
483 284 631 331 multis,
658 284 754 322 talos
780 283 1013 334 relinquant,
1043 288 1081 320 et
1108 288 1288 319 tesseras:

166 335 338 388 idipsum
359 337 532 391 [utrum]
554 339 726 383 lubebit,
717 352 726 361 ·
758 338 956 389 quoniam,
978 336 1058 374 sine
1081 335 1156 382 his,
1180 335 1292 372 beata

170 403 251 430 esse
269 401 442 431 senectus
459 400 595 444 potest.

222 445 368 485 XVH
398 447 550 485 Multas
569 447 618 485 ad
637 460 696 485 res
714 445 896 498 perutiles
916 442 1184 496 Xenophontis
1202 441 1293 480 libri

167 508 284 538 sunt·
316 514 412 553 quos
430 501 558 553 legite,
573 514 717 553 quaeso,
738 500 918 546 studiose,
937 508 982 537 ut
995 498 1128 537 facitis.
1159 497 1293 545 Quam

169 554 319 606 copiose
342 557 391 594 ab
416 569 460 594 eo
488 556 721 607 agricultura
747 554 927 593 laudatur
951 554 992 591 in
1019 566 1063 591 eo
1087 553 1200 598 libro,
1225 550 1295 612 qui

169 616 226 646 est
250 609 298 647 de
317 609 459 648 tuenda
478 623 517 648 re
537 610 732 655 familiari
768 609 836 661 qui
862 611 890 631 ‘⁶
913 606 1213 646 OEconomicus''
1233 606 1294 643 in·

168 663 374 702 scribitur
364 664 373 690 '
405 666 555 716 Atque,
576 673 620 702 ut
638 663 874 714 intelligatis,
894 662 992 700 nihil
1010 662 1044 699 ei
1069 669 1150 699 tam
1169 660 1297 711 regale

169 717 290 756 videri
313 732 432 770 quam
452 719 624 757 studium
644 718 726 770 agri
747 717 910 765 601611(11,
938 715 1135 755 Socrates
1125 728 1166 752 111
1183 727 1229 753 eo
1247 714 1296 752 li-

168 771 239 810 bro
270 773 444 824 loquitur
468 786 558 812 611111
587 773 801 820 Critobulo,
824 772 973 823 Cyrum
1005 770 1209 816 minorem,
1236 781 1296 807 re-

169 839 259 877 gem
291 827 511 875 Persarum,
539 835 784 880 praestantem
813 826 968 877 ingenio
1000 833 1117 876 atque
1145 822 1298 875 imperii

169 880 306 942 gloria,
333 895 424 920 cum
451 882 651 934 Lysander
684 880 1013 927 Lacedaemonius,
1044 879 1102 917 vir
1135 890 1298 916 summae

170 934 335 983 virtutis,
355 936 519 975 venisset
537 936 586 974 ad
604 949 693 974 611111
714 935 857 983 Sardis,
879 935 990 986 eique
1018 933 1120 971 dona
1142 945 1165 970 a
1187 931 1296 971 sociis

169 989 383 1035 attulisset;
413 998 451 1029 et
483 990 626 1030 caeteris
655 991 695 1029 in
722 991 834 1028 rebus
863 1001 1012 1027 comem
1038 1000 1128 1039 erga
1147 986 1298 1038 Lysan-

168 1042 284 1082 drum
312 1053 429 1096 atque
455 1045 674 1083 humanum
698 1044 829 1091 fuisse,
856 1051 893 1081 et
912 1043 946 1082 61
973 1021 1182 1094 quemodatn
1209 1053 1300 1080 con-

170 1107 324 1149 septum
338 1112 490 1150 agrum,
507 1099 708 1150 diligenter
726 1099 929 1145 consitum,
945 1097 1163 1135 ostendisse.
1194 1095 1299 1134 Cum

170 1160 302 1191 autem
314 1153 566 1192 admiraretur
579 1153 778 1205 Lysander
793 1161 830 1191 et
844 1152 1085 1204 proceritates
1100 1152 1296 1198 arborum,

171 1214 210 1245 et
227 1207 415 1246 directos
405 1221 446 1246 111
465 1208 720 1260 quincuncem
740 1207 904 1253 ordines,
925 1215 963 1245 et
976 1206 1144 1243 humum
1163 1206 1299 1243 subac-

171 1268 254 1299 tam
273 1269 389 1314 atque
415 1276 570 1314 puram,
592 1270 630 1301 et
655 1262 881 1301 suavitatem
910 1261 1072 1299 odorum
1098 1259 1166 1311 qui
1191 1259 1299 1297 affia-

171 1324 304 1354 rentur
323 1330 343 1355 e
361 1317 543 1362 floribus;
574 1324 660 1355 tum
679 1316 778 1354 dixis
766 1330 834 1362 se,
853 1315 986 1353 mirari
1011 1328 1050 1353 se
1078 1327 1157 1352 non
1182 1313 1299 1352 modo

172 1369 427 1422 diligentiam,
453 1372 518 1410 sed
544 1371 660 1410 etiam
685 1371 892 1409 sollertiam
915 1371 1011 1419 ejus,
1033 1383 1056 1407 a
1074 1382 1152 1420 quo
1177 1374 1302 1406 essent

171 1424 241 1463 ffla
258 1425 433 1464 dimensa
453 1434 570 1478 atque
592 1426 807 1486 descripta3
848 1433 886 1463 et
911 1425 945 1462 ei
969 1424 1119 1475 Cyrum
1145 1435 1301 1474 respon-

173 1478 297 1518 disse:
331 1483 358 1503 “
379 1480 508 1532 Atqui
525 1494 596 1532 ego
623 1480 755 1518 omnia
773 1479 845 1517 ista
863 1491 950 1518 sum
969 1479 1192 1516 dimensus:
1223 1476 1302 1515 11161

175 1542 266 1572 sunt
284 1534 449 1580 ordines,
469 1548 557 1573 mea
581 1534 811 1585 descriptio,
840 1534 977 1571 multae
1002 1532 1117 1571 etiam
1139 1531 1302 1569 istarum

174 1589 357 1626 arborum
375 1590 463 1627 mea
477 1602 597 1627 manu
623 1597 714 1627 sunt
732 1589 849 1626 satae’
854 1587 1009 1625 ’Tum
1036 1585 1301 1638 Lysandrum,

175 1641 391 1680 intuentem
410 1644 493 1693 ejus
510 1656 739 1694 purpuram,
759 1650 797 1680 et
814 1642 975 1680 nitorem
997 1640 1175 1691 corporis,
1191 1651 1303 1677 orna-

175 1703 341 1748 tumque
373 1697 571 1735 Persicum
604 1697 730 1734 multo
759 1709 853 1734 auro
881 1695 1093 1747 multisque
1121 1693 1301 1745 gemmis,

176 1750 343 1789 dixisse·
376 1754 405 1773 “
427 1751 547 1790 Recte
565 1764 653 1789 vero
672 1758 724 1798 te,
738 1750 853 1802 Cyre,
865 1751 1024 1788 beatum
1043 1748 1186 1797 ferunt,
1207 1761 1304 1800 quo-

177 1805 285 1843 niam
304 1804 436 1844 virtuti
454 1812 531 1843 tuae
548 1804 705 1843 fortuna
722 1806 926 1854 conjuncta
945 1811 1012 1842 est.
1017 1804 1042 1821 ''

179 1883 184 1885 Δ
234 1859 323 1898 Hac
349 1859 468 1911 igitur
491 1859 648 1897 fortuna
674 1859 752 1896 frui
784 1859 872 1897 licet
902 1858 1080 1896 senibus.
1111 1869 1182 1895 nec
1214 1864 1305 1896 aetas

177 1913 356 1965 impedit,
384 1913 592 1965 quominus
617 1921 655 1952 et
678 1920 901 1951 caeterarum
928 1925 1072 1959 rerum,
1105 1919 1142 1950 et
1171 1911 1306 1963 impri-

177 1968 254 2007 mis
268 1968 350 2020 agri
368 1967 531 2014 colendi,
553 1968 679 2006 studia
697 1975 894 2006 teneamus
913 1980 1036 2018 usque
1054 1966 1104 2004 ad
1121 1965 1308 2004 ultimum

176 2030 333 2074 tempus
362 2022 576 2061 senectutis.
619 2022 682 2060 M.
717 2021 874 2074 quidem
903 2021 1106 2059 Valerium
1135 2020 1309 2059 Corvum

176 2077 410 2144 accepimus·
420 2077 470 2115 ad
499 2076 752 2116 centesimum
779 2088 928 2114 annum
952 2075 1190 2127 perduxisse,
1217 2087 1309 2113 cum

179 2139 277 2170 esset
294 2132 381 2170 acta
396 2132 480 2181 jam
506 2138 617 2170 aetate
634 2131 674 2169 in
694 2130 810 2182 agris,
837 2143 977 2183 eosque
1002 2130 1167 2168 coleret.
1198 2130 1310 2180 cujus

178 2185 280 2225 inter
293 2185 466 2239 primum
481 2193 519 2226 et
532 2193 685 2225 sextum
705 2185 962 2232 consulatum,
986 2197 1054 2224 sex
1082 2191 1120 2223 et
1144 2183 1311 2237 quadra·

175 2239 289 2292 ginta
312 2240 413 2281 anni
442 2239 712 2281 inter-fixerunt.
743 2240 884 2292 Itaque
917 2246 1110 2291 quantum
1140 2238 1311 2291 spatium
