1470 2402
330 105 410 147 DE
438 105 740 159 AMICITIA,
757 105 947 147 CAP.13‹
1121 103 1200 170 3231

73 225 175 266 queo
192 213 329 256 dicere.
373 217 482 256 Nam
512 217 746 266 Carbonem,
768 228 926 270 quoquo
944 213 1062 253 medo
1079 211 1211 274 potui·

71 280 175 318 mus,
194 278 350 322 propter
368 280 558 311 recentem
578 285 731 325 poenam
744 272 810 310 Ti.
828 269 1007 316 Gracchi,
1022 268 1207 307 sustinm-

75 334 189 362 mus:
220 325 268 363 de
287 325 332 365 C.
355 325 520 365 Gracchi
539 335 669 366 autem
696 327 910 373 tribunatu,
939 323 1034 376 quid
1052 333 1207 374 exspec-

76 385 171 426 tem,
202 390 281 418 non
312 380 407 419 libet
439 382 632 433 augurari.
681 381 809 433 Serpit
833 379 970 418 deinde
1002 391 1088 417 res:
1119 389 1210 438 quae

77 432 284 483 proclivius
315 435 365 472 ad
393 437 615 487 perniciem,
637 449 726 475 cum
757 435 874 474 semel
904 433 1031 485 coepit,
1052 432 1208 470 labitur.

79 485 245 537 Videtis,
265 488 305 526 in
329 490 471 528 tabella
495 492 578 541 jam
605 499 693 529 ante
723 498 870 542 quanta
889 489 937 527 sit
963 488 1064 526 facta
1089 487 1210 546 labeS,

78 540 206 591 primo
245 541 414 582 Gabini&
444 545 542 596 lege,
570 545 725 584 biennio
757 553 887 583 autem
926 551 1025 595 post,
1061 539 1208 579 Cassia.

80 594 224 634 Videre
246 598 329 647 jam
360 598 489 637 videor
519 600 709 652 populum
738 613 761 637 a
791 606 924 637 senatu
955 596 1209 646 disjunctum,

80 650 420 705 multitudinisque
449 655 604 692 arbitrio
635 667 693 692 res
721 653 914 691 maximas
947 651 1022 703 agi.
1071 650 1210 688 Plures

79 703 184 742 enim
203 705 363 755 discent,
377 708 707 759 quemadmodum
719 707 802 746 haec
816 707 925 754 fiant,
939 718 1058 757 quam
1074 716 1211 756 quem·

79 757 292 798 admodum
310 761 371 800 his
389 763 595 801 resistatur.

135 814 336 861 Quorsum
367 816 481 856 haec?
525 818 618 870 quia
637 818 717 857 sine
736 817 845 856 sociis
863 828 978 855 nemo
997 814 1213 875 quidquam

82 867 160 906 tale
178 878 349 909 conatur.
391 872 702 925 Praecipiendum
721 880 777 911 est
804 871 922 924 igitur
947 870 1072 916 bonis,
1093 876 1152 930 ut,
1183 880 1215 906 ει

83 922 125 960 in
145 924 335 973 ejusmodi
354 926 541 966 amicitias
565 927 690 978 ignari
717 940 805 965 casu
832 926 963 978 aliquo
996 923 1213 970 inciderint,

83 988 133 1015 ne
147 978 380 1028 existiment,
402 980 456 1019 ita
475 995 513 1020 se
533 982 723 1033 alligatos,
744 989 788 1020 ut
807 982 855 1019 ab
874 979 1006 1019 amicis
1018 979 1059 1017 in
1071 977 1217 1028 magna

83 1031 217 1084 aliqua
244 1046 285 1072 re
312 1037 557 1087 peccantibus
577 1049 653 1074 non
673 1036 880 1075 discedant.
933 1033 1128 1094 Improbis
1146 1044 1216 1092 aut

84 1093 163 1124 tem
196 1100 309 1140 poena
338 1091 540 1129 statuenda
569 1099 652 1136 est3
683 1103 753 1129 nec
786 1103 874 1129 vero
909 1089 1037 1127 minor
1068 1099 1115 1125 us
1147 1098 1218 1148 qui

84 1144 205 1180 secuti
251 1151 364 1182 erunt
399 1145 579 1192 alterum,
619 1158 738 1197 quam
769 1145 816 1183 iis
851 1144 921 1197 qui
959 1143 1034 1195 ipsi
1073 1141 1218 1202 fuerint

85 1194 293 1248 impietatis
318 1198 445 1238 duces.
503 1200 604 1248 Quis
635 1199 769 1239 clarior
797 1200 836 1237 in
872 1197 1022 1237 Graecia
1055 1197 1219 1234 Themi-

86 1251 234 1291 stocle?
270 1253 357 1304 quis
384 1255 574 1306 potentior
588 1257 606 1294 ?
636 1255 719 1307 qui,
754 1267 845 1294 cum
877 1253 1084 1305 imperator
1116 1249 1221 1311 bello

87 1303 242 1345 Persico
261 1308 441 1349 servitute
461 1309 652 1348 Graeciam
674 1309 885 1355 liberasset,
905 1315 1138 1367 propterque
1160 1316 1222 1366 In-

87 1358 233 1399 vidiam
261 1361 303 1400 in
328 1363 509 1402 exsilium
537 1364 677 1403 missus
704 1372 814 1411 esset,
835 1364 996 1414 ingratae
1009 1369 1143 1414 patnae
1161 1371 1222 1396 m-

87 1414 232 1463 juriam
263 1428 341 1456 non
372 1418 476 1467 tulit,
505 1431 624 1471 quam
650 1419 747 1457 ferre
772 1418 917 1456 debuit.
966 1416 1074 1455 Fecit
1101 1414 1221 1461 idem,

89 1470 196 1520 quod
222 1470 306 1510 XX
334 1473 445 1511 annis
472 1481 561 1512 ante
589 1473 694 1525 apud
722 1485 791 1511 nos
818 1472 956 1511 fecerat
982 1469 1223 1530 Coriolanus.

94 1522 171 1561 His
190 1524 343 1575 adjutor
362 1535 493 1565 contra
512 1528 676 1579 patriam
700 1528 880 1565 inventus
903 1533 959 1565 est
980 1537 1120 1563 nemo:
1150 1530 1225 1560 Ita-

92 1590 170 1629 que
188 1587 353 1621 mortem
372 1581 445 1619 sibi
462 1589 625 1634 uterque
643 1581 836 1620 conscivit.

147 1632 282 1680 Quare
299 1634 388 1674 talis
405 1635 671 1687 improborum
691 1634 887 1675 consensio
913 1646 992 1673 non
1015 1631 1132 1671 modo
1158 1643 1226 1692 ex:

93 1688 288 1728 cusatione
310 1689 488 1728 amicitiae
507 1690 670 1742 tegenda
688 1703 766 1729 non
792 1697 861 1737 est,
883 1689 948 1727 sed
966 1687 1094 1740 potius
1119 1697 1228 1724 omm

94 1743 284 1795 supplicio
302 1743 557 1790 vindicanda3
589 1753 632 1783 ut
651 1757 699 1783 ne
718 1744 805 1796 quis
824 1743 895 1783 sibi
914 1753 1133 1781 concessum
1152 1753 1227 1801 pu-

95 1803 165 1844 tet,
185 1797 371 1847 amicum,
402 1799 462 1837 vel
488 1799 636 1837 bellum
662 1800 795 1851 patriae
819 1798 1062 1844 inferentem,
1090 1807 1227 1855 sequi-2

97 1851 203 1903 quod
232 1852 406 1904 quidem,
426 1860 472 1891 ut
500 1866 559 1892 res
585 1854 698 1906 coepit
726 1853 794 1901 ire,
821 1852 928 1891 haud
958 1852 1048 1898 scio,
1075 1862 1124 1911 an
1157 1849 1230 1886 ah-

98 1906 254 1957 quando
272 1907 450 1946 futurum
470 1907 529 1946 sit.
575 1908 682 1946 Mihi
704 1915 835 1946 autem
860 1919 939 1945 non
961 1906 1103 1944 minori
1127 1915 1230 1964 curae

99 1968 169 2007 est,
197 1961 322 2013 qualis
348 1962 563 2014 respublica
584 1970 671 2015 post
688 1970 853 2001 mortem
869 1974 997 2000 meam
1015 1960 1148 1999 futura
1167 1964 1230 2006 sIt,

99 2028 220 2067 quam
240 2016 366 2068 qualis
382 2016 498 2055 hodie
516 2017 576 2055 sit.
1115 2066 1124 2074 .

157 2069 284 2108 XIII.
316 2070 414 2109 Haec
435 2071 554 2122 igitur
581 2071 708 2124 prima
732 2071 797 2110 lex
821 2069 999 2109 amicitiae
1024 2072 1231 2114 sanciatur,

102 2130 148 2162 ut
165 2126 214 2162 ab
234 2125 367 2164 amicis
385 2125 545 2164 honesta
575 2132 768 2178 petamus,
799 2125 1011 2164 amicorum
1030 2122 1144 2162 causa
1162 2121 1234 2159 ho-

103 2186 212 2217 nesta
229 2178 441 2218 faciamus:
472 2192 522 2219 ne
540 2187 804 2232 exspectemus
817 2179 990 2232 quidem,
1010 2177 1107 2239 dum
1125 2187 1236 2226 roge-

98 2245 213 2273 mur:
244 2234 420 2274 studium
435 2246 585 2287 semper
596 2234 726 2282 adsit;
755 2234 947 2274 cunctatio
973 2234 1085 2272 absrt.
1126 2229 1231 2270 Con-
