1470 2402
324 75 404 115 DE
433 74 697 125 LEGIBUS,
719 74 819 114 Lm.
842 74 900 113 ΙΙ.
929 73 1036 115 CAP.
1061 76 1122 114 14.
1210 77 1288 122 167

162 197 253 225 men
280 183 439 232 fuisset3
460 194 586 237 neque
604 192 662 224 tot
693 184 866 224 nationes
893 183 934 223 id
963 184 1012 222 ad
1036 184 1110 224 hoc
1135 192 1288 237 tempus

161 240 418 288 retinuissent,
445 240 640 286 Arabum,
669 240 888 291 Phrygum,
919 239 1162 290 Lycaonum,
1191 241 1288 279 Cili-

163 307 268 341 cum,
292 294 540 346 maximeque
565 294 800 342 Pisidarum,
821 294 895 332 nisi
919 300 1085 332 vetustas
1114 308 1158 332 ea
1186 304 1287 333 certa

163 361 243 387 esse
261 349 459 387 docuisset.
508 348 550 386 N
553 361 593 386 ec
612 361 700 387 vero
719 349 914 386 Romulus
942 356 1068 386 noster
1093 350 1287 400 auspicato

162 405 300 442 urbem
319 403 558 449 condidisset,
578 413 704 454 neque
722 402 825 440 Attii
845 402 963 441 Navii
977 413 1118 440 nomen
1138 416 1286 442 memo-

160 457 219 495 ria
237 457 386 496 floreret
413 465 493 496 tam
513 457 594 503 diu,
616 457 689 496 nisi
707 457 748 495 hi
766 469 898 495 omnes
923 457 1050 494 multa
1075 457 1124 495 ad
1149 458 1287 496 verita-

160 518 241 550 tem
277 511 518 550 admirabilia
554 511 751 550 dixissent.
800 511 875 550 Sed
905 511 1069 550 dubium
1102 524 1180 550 non
1214 519 1284 559 est,

159 566 256 618 quin
281 566 363 605 haec
388 566 601 617 disciplina,
623 574 659 604 et
678 579 738 605 ars
762 579 970 617 augurum,
991 566 1187 604 evanuerit
1203 567 1286 616 jam

158 627 197 658 et
216 627 402 659 vetustate
421 628 458 659 et
472 620 717 682 negligentia.
759 620 899 672 Itaque
925 633 1050 682 neque
1075 620 1133 658 illi
1160 633 1286 659 assen-

158 674 246 723 tior,
267 675 336 726 qui
353 675 452 714 hanc
471 675 667 714 scientiam
681 683 796 736 negat
814 687 988 726 unquam
1003 675 1043 712 in
1062 683 1191 713 nostro
1210 676 1286 714 col-

157 728 258 780 legio
276 729 418 775 fuisse3
449 742 574 782 neque
601 729 673 776 1111,
695 729 762 781 qui
781 742 860 768 esse
878 729 994 767 etiam
1012 741 1116 767 nunc
1143 737 1282 781 putat.

159 796 248 834 quae
265 783 363 821 mihi
383 758 532 822 videtur
551 784 655 835 apud
683 784 845 833 majores
870 783 985 822 fuisse
1004 783 1220 835 dupliciter,
1241 792 1287 823 ut

158 837 208 875 ad
227 837 447 890 reipublicae
469 846 622 889 tempus
641 850 937 889 nonnunquam,
969 837 1019 876 ad
1037 838 1176 889 agendi
1195 851 1285 877 con-

158 891 290 930 silium
309 892 757 944 saepiss1me,pert1neret.
787 892 958 930 Atticus.
989 891 1127 939 Credo,
1144 892 1284 940 hercle,

157 946 212 985 ita
239 959 343 993 esse3
372 946 512 998 istique
539 946 677 986 rationi
704 946 948 998 potissimum
973 946 1167 985 assentior.
1208 947 1285 986 Sed

157 1000 273 1040 redde
292 1009 437 1039 caetera.

212 1054 333 1094 XIV.
363 1056 546 1094 Marcus.
576 1055 759 1094 Reddam
774 1069 877 1103 vero,
893 1063 943 1103 et,
957 1055 989 1094 si
1002 1062 1147 1107 potero,
1163 1055 1283 1095 brevi.

158 1109 342 1161 Sequitur
366 1110 470 1148 enim
489 1110 567 1149 de
552 1123 639 1160 Jure
657 1110 776 1156 belli·
806 1110 847 1147 in
867 1123 945 1162 quo
974 1118 1010 1148 et
1029 1110 1283 1162 suscipiendo,

157 1172 195 1202 et
223 1164 403 1216 gerendo,
432 1172 470 1203 et
499 1164 738 1216 deponendo,
763 1165 828 1214 jus
859 1164 1074 1216 plurimum
1105 1165 1220 1212 valet,
1248 1172 1286 1203 et

157 1215 276 1257 fides·
306 1218 524 1271 horumque
549 1227 594 1257 ut
618 1218 765 1270 publici
793 1218 1016 1270 interpretes
1043 1227 1179 1266 essent,
1199 1220 1286 1271 lege

155 1272 367 1312 sanximus.
396 1274 425 1312 J
428 1286 492 1311 am
520 1273 568 1312 de
589 1272 839 1335 haruspicum
862 1273 1059 1324 religione,
1086 1273 1134 1311 de
1153 1275 1286 1325 expia-

154 1327 324 1366 tionibus
335 1335 372 1366 et
383 1328 726 1380 procurationibus,
741 1328 830 1366 satis
845 1341 1035 1380 superque
1047 1327 1087 1365 111
1102 1327 1185 1379 ipsa
1200 1329 1286 1379 lege

154 1381 303 1420 dictum
331 1390 438 1434 puto.
478 1383 651 1420 Atticus.
693 1382 909 1429 Assentior,
941 1382 1126 1433 quoniam
1158 1383 1285 1421 omnis

155 1435 239 1475 haec
256 1436 298 1474 in
316 1437 499 1488 religione
517 1444 688 1476 versatur
708 1437 839 1475 oratio.
877 1438 1060 1475 Marcus.
1100 1437 1160 1475 At
1179 1449 1283 1486 vero,

158 1490 264 1543 quod
286 1492 471 1543 sequitur,
498 1491 693 1544 quomodo
719 1498 787 1529 aut
813 1499 856 1530 111
882 1491 1100 1539 assentiare,
1120 1498 1189 1529 aut
1213 1504 1285 1542 ego

157 1545 448 1596 reprehendam,
469 1559 558 1585 sane
577 1558 721 1598 quaero,
743 1545 846 1584 Tite.

211 1600 382 1638 Atticus.
413 1600 522 1648 Quid
540 1599 697 1639 tandem
715 1599 757 1638 id
782 1602 872 1639 est?
901 1601 1084 1638 Marcus.
1114 1598 1177 1637 De
1195 1611 1285 1639 noc-

157 1653 281 1692 turnis
293 1654 481 1693 sacrificiis
498 1655 719 1693 mulierum.
750 1654 921 1692 Atticus.
951 1655 1040 1705 Ego
1055 1666 1143 1692 vero
1157 1665 1284 1692 assen-

159 1707 258 1754 tior;
295 1716 454 1760 excepto
471 1708 682 1761 praesertim
707 1709 748 1746 in
766 1708 851 1760 ipsa
877 1709 962 1760 lege
986 1708 1148 1746 5011811111
1171 1708 1285 1747 53811-

157 1761 244 1800 ficio
262 1775 306 1800 ac
327 1762 494 1814 publico·
523 1764 706 1801 Marcus.
736 1762 846 1810 Quid
870 1775 961 1813 ergo
989 1769 1077 1813 aget
1104 1762 1283 1812 Iacchus,

158 1815 484 1869 Eumolpidaeque
501 1817 629 1866 vestri,
649 1823 718 1855 aut
735 1824 900 1868 augusta
917 1816 985 1854 illa
1008 1816 1205 1867 mysteria,
1233 1817 1284 1855 si-

158 1870 317 1921 quidem
345 1884 449 1910 sacra
475 1878 662 1910 nocturna
685 1871 889 1910 tollimus?
918 1883 997 1909 11011
1016 1871 1119 1910 8111111
1137 1871 1284 1923 populo

156 1925 352 1974 Romano,
379 1924 446 1965 sed
475 1926 655 1964 omnibus
679 1926 790 1964 bonis
816 1924 1014 1977 firmisque
1037 1925 1204 1977 populis,
1227 1925 1283 1964 le-

157 1992 222 2030 ges
248 1979 398 2018 damus.
445 1979 616 2018 Atticus.
662 1979 824 2032 Excipis
852 1980 996 2027 (credo)
1022 1979 1104 2028 illa,
1140 1979 1283 2030 quibus

156 2033 230 2085 ipsi
254 2034 395 2073 initiati
420 2047 565 2073 sumus.
609 2036 792 2073 Marcus.
842 2033 931 2085 Ego
959 2047 1049 2072 vero
1076 2034 1280 2085 excipiam.

157 2087 266 2126 Nam
290 2088 389 2127 mihi
418 2102 508 2128 cum
533 2090 659 2127 multa
685 2088 842 2137 eximia,
868 2087 1074 2140 divinaque
1104 2087 1283 2127 videntur

157 2142 326 2181 Athenae
364 2150 441 2182 tuae
473 2144 676 2195 peperisse,
711 2150 827 2196 atque
853 2142 895 2180 in
922 2142 1042 2181 vitam
1074 2142 1280 2181 hominum

157 2196 342 2246 attulisse,
370 2205 456 2237 tum
482 2198 580 2237 nihil
598 2198 736 2238 melius
753 2197 830 2238 11115
847 2196 1053 2250 mysteriis,
1071 2196 1213 2249 quibus
1232 2209 1281 2236 ex
