1470 2402
263 115 344 156 DE
376 116 641 168 OFFICIIS‚
672 117 773 157 Lm.
796 116 880 156 111.
908 115 1015 156 CAP.
1035 117 1102 156 32.
1166 118 1247 158 329

113 225 244 265 statim
265 226 572 277 interfecturum,
592 226 666 266 nisi
681 226 956 277 jusjurandum
975 226 1048 265 sibi
1066 225 1245 277 dedisset,

112 293 154 319 se
171 288 322 332 patrem
339 282 503 321 missum
528 295 607 320 esse
631 282 836 320 facturum.
873 281 1030 320 ,Iuravit
1048 281 1121 320 hoc
1139 294 1247 320 coac·

113 342 176 373 tus
204 343 345 375 terrore
373 336 638 388 Pomponius:
669 349 752 374 rem
781 336 830 374 ad
857 337 1049 388 populum
1078 336 1242 374 detulit:

112 389 256 437 docuit,
284 403 352 429 cur
370 391 443 429 sibi
461 390 575 430 causa
599 390 776 430 desistere
801 403 950 429 necesse
970 398 1092 429 esset:
1124 390 1246 428 Man-

110 443 211 482 lium
230 444 392 483 missum
410 445 512 484 fecit.
560 446 736 483 Tantum
763 445 1000 497 temporibus
1024 444 1101 483 illis
1117 445 1246 494 jusju-

111 498 280 537 randum
305 499 468 538 valebat.
505 500 641 552 Atque
659 500 721 539 hic
748 500 799 538 T.
821 499 998 538 Manlius
1018 499 1050 537 is
1069 506 1138 547 est,
1160 500 1244 551 qui,

109 552 161 590 ad
188 553 400 601 Anienem,
422 554 543 603 Galh',
571 567 690 606 quem
714 556 762 593 ab
782 567 826 592 eo
844 561 1071 605 provocatus
1097 553 1245 592 occide-

110 613 185 654 rat,
205 614 342 659 torque
367 608 549 657 detracto,
571 621 781 660 cognomen
800 608 970 647 invenit:
1002 609 1112 658 cujus
1132 608 1244 646 tertio

109 662 312 700 consulatu
333 662 466 701 Latini
485 664 534 701 ad
554 663 731 702 Veserim
745 663 837 711 fusi,
854 672 892 701 et
906 663 1054 714 fugati.
1076 675 1244 713 magnus

109 715 168 753 vir
186 715 227 754 in
246 717 396 768 primis,
425 725 476 780 et,
506 717 575 769 qui
594 717 902 770 perindulgens
891 730 932 755 111
951 725 1117 769 patrem,
1138 717 1244 755 idem

107 772 244 808 acerbe
263 784 414 810 severus
432 772 473 810 in
492 772 631 810 filium.

162 824 353 864 XXXII.
384 826 474 874 Sed,
506 834 551 864 ut
571 826 788 865 laudandus
818 825 995 878 Regulus
1021 825 1063 863 in
1093 838 1244 865 conser-

108 879 234 918 vando
250 854 515 930 jurejurando,
536 881 588 919 510
607 881 738 920 decem
756 881 815 919 illi
834 883 948 932 (quos
961 888 1047 932 post
1062 880 1243 918 Cannen-

108 946 190 972 sem
208 947 384 986 pugnam
406 936 554 985 juratos
577 935 627 974 ad
646 943 823 974 senatum
841 935 945 973 misit
966 935 1183 983 Hannibal,
1205 948 1245 974 se

108 988 150 1025 in
165 996 288 1027 castra
305 989 493 1028 redituros
507 1003 566 1038 ea,
584 1003 751 1041 quorum
765 989 877 1041 potiti
895 996 1003 1027 erant
1023 989 1148 1038 Poeni,
1170 989 1244 1028 nisi

107 1041 157 1080 de
181 1043 413 1082 redimendis
438 1044 596 1096 captivis
615 1044 953 1096 impetravissent),
975 1044 1007 1082 si
1025 1055 1104 1082 non
1123 1043 1246 1082 redie-

107 1104 214 1144 runt,
230 1098 484 1150 vituperandi.
529 1098 592 1137 De
607 1099 749 1150 quibus
763 1111 840 1136 non
858 1110 992 1136 omnes
1007 1110 1085 1136 uno
1099 1098 1243 1136 modo.

108 1163 201 1189 nam
231 1152 434 1204 Polybius,
464 1155 589 1191 bonus
618 1161 751 1192 auctor
779 1153 821 1190 in
847 1152 998 1214 primis,
1029 1152 1173 1199 scribit,
1195 1166 1244 1191 ex

108 1205 242 1245 decem
259 1207 522 1257 nobilissimis,
550 1208 618 1259 qui
643 1215 728 1246 tum
750 1216 857 1246 erant
876 1207 998 1254 missi,
1026 1219 1165 1245 novem
1185 1220 1245 1245 re-

109 1261 277 1310 vertisse,
293 1274 317 1299 a
335 1270 470 1300 senatu
484 1275 525 1300 re
539 1274 616 1300 non
636 1260 865 1314 impetrata3
886 1274 1012 1299 unum
1027 1274 1075 1299 ex
1094 1261 1242 1311 decem,

107 1315 178 1366 qui
195 1316 314 1367 paulo
327 1323 428 1368 post,
448 1329 567 1368 quam
583 1330 754 1368 egressus
773 1324 853 1355 erat
872 1329 893 1354 e
907 1316 1051 1364 castris,
1068 1316 1244 1364 redisset,

108 1370 220 1421 quasi
233 1370 383 1423 aliquid
397 1379 493 1409 esset
504 1372 661 1420 oblitus,
675 1372 816 1410 Romae
826 1370 1064 1409 remansisse.
1095 1370 1242 1408 Reditu

107 1424 213 1463 enim
237 1425 280 1462 in
306 1432 442 1474 castra,
468 1425 677 1464 liberatum
697 1439 736 1464 se
754 1439 833 1464 esse
848 1425 1100 1475 jurejurando
1125 1424 1244 1463 inter-

107 1480 356 1530 pretabatur:
385 1492 465 1518 non
494 1491 619 1519 recte:
650 1480 757 1519 fraus
786 1479 891 1518 enim
917 1479 1134 1530 adstringit,
1164 1492 1243 1518 non

107 1532 281 1571 dissolvit
313 1532 583 1587 [perjurium]
621 1534 716 1573 Fuit
744 1534 864 1586 igitur
894 1534 1012 1571 stulta
1041 1533 1243 1582 calh'ditas‚

107 1599 284 1639 perverse
308 1588 458 1626 imitata
481 1589 740 1640 prudentiam.
778 1589 920 1639 Itaque
944 1587 1110 1626 decrevit
1136 1601 1245 1626 sena-

109 1649 186 1691 tus,
206 1649 252 1680 ut
270 1641 337 1680 ille
361 1649 547 1681 veterator
566 1651 604 1681 et
621 1643 783 1681 callidus
802 1642 951 1681 vinctus
970 1641 1020 1680 ad
1039 1642 1246 1680 Hanniba-

108 1697 187 1735 lem
206 1696 420 1735 duceretur.
450 1697 527 1736 Sed
544 1697 644 1735 illud
660 1697 880 1735 maximum
895 1711 905 1734 ε
936 1704 1021 1734 0010
1039 1696 1246 1735 hominum

109 1751 236 1789 millia
260 1753 417 1790 tenebat
442 1751 659 1799 Hannibal,
685 1763 764 1790 non
790 1764 887 1803 quos
911 1750 953 1788 in
972 1750 1052 1788 acie
1071 1750 1245 1802 cepisset,

110 1813 180 1844 aut
198 1805 266 1857 qui
284 1805 454 1857 periculo
469 1806 604 1844 mortis
626 1805 882 1856 diffiigissent,
899 1804 966 1843 sed
984 1804 1053 1856 qui
1070 1805 1192 1844 relicti
1204 1805 1247 1843 in

110 1860 241 1898 castris
258 1859 422 1898 fuissent
439 1873 463 1898 a
482 1860 607 1898 Paulo
625 1867 664 1898 et
682 1860 872 1909 Varrone,
893 1859 1126 1898 consulibus.
1165 1859 1248 1898 Eos

111 1921 267 1953 senatus
290 1927 368 1953 non
395 1915 542 1953 censuit
567 1913 824 1976 redimendos,
851 1927 941 1953 cum
968 1913 1010 1951 id
1034 1913 1155 1965 parva
1179 1927 1249 1965 pe-

111 1969 230 2008 cunia
247 1968 331 2007 fieri
347 1976 500 2022 posset3
529 1976 575 2007 ut
600 1976 697 2008 esset
720 1968 883 2007 insitum
900 1967 1091 2006 militibus
1109 1968 1250 2007 nostris

112 2031 182 2062 aut
195 2023 360 2073 vincere,
376 2031 445 2062 aut
463 2023 596 2062 emori.
640 2022 734 2071 Qua
753 2022 912 2075 quidem
926 2036 968 2061 re
981 2019 1127 2072 audita,
1148 2023 1250 2061 frac-

113 2086 201 2116 tum
230 2078 408 2117 animum
424 2078 660 2117 Hannibalis
674 2077 824 2130 scripsit
837 2077 956 2127 idem,
978 2076 1084 2129 quod
1095 2084 1250 2116 senatus

113 2133 360 2195 populusque
389 2133 608 2182 Romanus,
641 2134 757 2171 rebus
788 2131 952 2180 afflictis,
986 2139 1068 2170 tam
1101 2132 1252 2171 excelso

113 2188 247 2226 animo
263 2187 410 2227 fuisset.
439 2188 517 2235 Sic,
536 2187 746 2227 honestatis
764 2186 1063 2238 comparatione,
1084 2199 1142 2247 ea,
1163 2199 1252 2238 quae

113 2241 294 2284 videnmr
312 2242 438 2294 utilia,
459 2242 679 2284 vincuntur
706 2241 862 2335 Αο111ὲ15
874 2248 1020 2334 31ἐ10111,
1035 2240 1106 2294 qui
1118 2240 1253 2281 (31aeoe

853 2306 879 2336 r·
