1470 2402
195 87 250 125 26
304 85 382 125 DE
402 86 822 138 DIVINATIONE,
842 87 943 126 LIB.
960 87 995 126 Ι.
1017 87 1123 127 CAP.
1139 87 1205 127 30.

194 194 315 233 aciem
334 195 472 234 mentis
491 197 599 244 solet,
621 196 698 235 sive
717 196 821 235 deest
838 203 987 235 naturae
1004 194 1220 248 quidpiam,
1239 194 1320 234 sive

198 248 370 287 abundat
396 257 511 301 atque
536 251 676 298 affluit)
702 251 771 289 illa
796 251 910 289 etiam
930 251 1040 289 tertia
1058 258 1166 302 parte
1183 248 1318 298 animi,

198 302 240 340 in
260 304 338 354 qua
355 304 500 341 irarum
522 305 668 343 exsistit
682 305 806 353 ardor,
828 305 957 344 sedata
976 312 1091 356 atque
1116 302 1321 350 restincta;

200 364 285 394 tum
305 358 463 404 eveniet,
495 359 645 397 duabus
663 359 782 397 animi
800 359 1009 398 temerariis
1027 358 1200 410 partibus
1218 370 1323 396 com-

199 411 349 461 pressis,
379 420 423 449 ut
441 412 508 450 illa
526 412 636 451 tertia
659 426 747 464 pars
765 413 921 452 rationis
940 421 978 451 et
995 412 1136 450 mentis
1161 412 1321 459 eluceat,

198 472 236 502 et
262 478 300 503 se
320 473 493 516 vegetam
518 467 567 505 ad
593 467 878 516 somniandum,
907 480 1110 518 acremque
1128 467 1296 518 praebeat
1309 479 1321 503 z

200 525 286 556 tum
313 519 347 557 ei
372 520 452 558 visa
478 521 616 572 quietis
641 529 838 560 occurrent
856 521 1064 573 tranquilla
1082 528 1198 572 atque
1216 533 1324 559 vera-

201 571 300 610 cia.’'
330 574 428 612 Haec
448 576 562 612 verba
580 575 663 626 ipsa
682 576 854 614 Platonis
873 575 1051 627 expressi.

254 626 392 665 XXX.
423 628 639 679 Epicurum
658 629 776 680 igitur
801 630 1001 668 audiemus
1025 628 1184 680 potius?
1213 640 1324 666 nam-

201 693 278 732 que
297 681 524 730 Carneades,
556 684 840 722 concertationis
864 683 1003 732 studio,
1032 682 1148 720 modo
1166 682 1220 720 ait
1237 682 1324 729 hoc,

202 734 318 773 modo
336 736 444 773 illud.
483 737 543 775 At
561 737 625 775 ille
651 738 745 788 quid
764 738 907 776 sentit?
937 737 1051 775 sentit
1073 744 1202 774 autem
1228 736 1326 774 nihil

201 801 376 840 unquam
404 790 569 841 elegans,
599 791 697 829 nihil
721 791 913 830 decorum.
962 791 1083 829 Hunc
1107 803 1196 841 ergo
1221 800 1329 828 ante-

203 855 321 894 pones
341 843 496 882 Platoni
517 852 553 883 et
573 845 717 883 Socrati
731 847 749 884 ?
779 846 862 897 qui,
877 853 922 884 ut
940 845 1126 883 rationem
1146 856 1224 882 non
1242 843 1329 882 red-

204 896 350 945 derent,
381 899 602 937 auctoritate
626 907 757 938 tamen
786 899 855 938 hos
884 900 1054 938 minutos
1082 897 1329 950 philosophos

204 950 410 989 vincerent.
440 953 563 991 Jubet
580 953 698 1003 igitur
717 953 844 1001 Plato,
875 953 927 992 sic
945 953 995 991 ad
1013 965 1192 991 somnum
1211 951 1328 1003 profi-

204 1004 291 1043 cisci
320 1007 537 1057 corporibus
563 1007 719 1055 affectis,
748 1014 794 1045 ut
823 1007 922 1045 nihil
946 1006 1008 1054 sit,
1039 1006 1144 1058 quod
1163 1018 1328 1044 errorem

204 1059 342 1097 animis
375 1061 777 1112 perturbationemque
809 1061 951 1099 afferat.
1002 1060 1069 1099 Ex
1103 1073 1180 1112 quo
1211 1059 1330 1098 'etiam

206 1112 470 1164 Pythagoricis
493 1115 737 1153 interdictum
762 1123 933 1166 putatur,
963 1127 1012 1152 ne
1030 1114 1121 1152 faba
1142 1125 1330 1152 vesceren-

205 1172 284 1212 tur,
314 1168 419 1218 quod
435 1168 553 1207 habet
570 1169 807 1207 inflationem
827 1181 1011 1220 magnam
1028 1168 1061 1206 is
1080 1168 1201 1216 cibus,
1225 1175 1331 1206 tran-

207 1221 391 1272 quillitati
410 1223 562 1271 mentis,
584 1223 787 1275 quaerentis
806 1236 907 1271 vera,
929 1222 1169 1261 contrariam.

261 1274 365 1313 Cum
385 1289 474 1328 ergo
500 1284 555 1315 est
580 1290 714 1316 somno
733 1285 926 1316 sevocatus
946 1277 1097 1314 animus
1117 1289 1140 1314 a
1158 1275 1333 1314 societate

208 1335 246 1367 et
265 1342 288 1366 a
302 1331 525 1381 contagione
539 1331 717 1382 corporis,
738 1338 823 1369 tum
842 1331 1019 1369 meminit
1037 1330 1331 1382 praeteritorum,

208 1384 410 1433 praesentia
428 1385 559 1433 cernit,
575 1386 707 1424 futura
720 1385 913 1437 praevidet.
943 1385 973 1423 J
974 1392 1057 1423 acet
1075 1384 1178 1422 enim
1197 1396 1335 1436 corpus

209 1435 447 1487 dormientis,
467 1446 512 1477 ut
530 1439 698 1478 mortui:
721 1440 823 1491 viget
843 1447 972 1478 autem
991 1446 1029 1478 et
1046 1438 1141 1477 vivit
1153 1438 1306 1476 animus
1318 1451 1332 1477 ε

211 1491 317 1542 quod
335 1493 459 1531 multo
478 1494 601 1545 magis
618 1493 731 1532 faciet
755 1501 841 1546 post
865 1501 1043 1542 mortem,
1067 1505 1157 1531 cum
1172 1492 1334 1530 omnino

214 1557 371 1596 corpore
408 1548 628 1586 excesserit:
660 1549 804 1600 itaque,
834 1547 1167 1600 appropinquante
1198 1553 1337 1593 morte,

210 1599 337 1637 multo
352 1607 407 1638 est
425 1600 599 1640 divinior.
629 1602 736 1640 Nam
756 1610 793 1640 et
806 1602 974 1653 idipsum
994 1601 1138 1649 vident,
1159 1600 1227 1651 qui
1246 1607 1335 1638 sunt

211 1655 347 1692 morbo
378 1655 485 1706 gravi
516 1663 553 1694 et
580 1656 775 1694 mortifero
808 1655 945 1704 affecti,
974 1656 1114 1694 instare
1139 1661 1304 1692 mortem
1320 1668 1332 1692 ε

210 1705 341 1758 itaque
368 1708 428 1747 his
457 1718 658 1748 occurrunt
686 1711 915 1762 plerumque
947 1709 1134 1760 imagines
1163 1715 1336 1746 mortuo-

213 1773 328 1799 rum:
359 1769 522 1815 tumque
554 1764 614 1803 vel
645 1765 816 1803 maxime
844 1764 952 1803 laudi
984 1763 1161 1802 student:
1197 1774 1338 1814 eosque

215 1815 283 1865 qui
308 1828 428 1865 secus,
459 1831 578 1869 quam
597 1818 737 1867 decuit,
766 1818 959 1867 vixerunt,
988 1825 1231 1870 peccatorum
1250 1828 1338 1854 suo-

214 1880 305 1907 rum
323 1876 408 1908 tum
428 1872 597 1911 maxime
614 1873 784 1924 poenitet.

268 1922 455 1964 Divinare
485 1933 614 1964 autem
647 1927 865 1975 morientes,
905 1926 1022 1966 etiam
1054 1925 1122 1969 illo
1159 1923 1340 1976 exemplo

216 1977 417 2016 confirmat
448 1979 689 2029 Posidonius,
719 1995 796 2034 quo
825 1980 948 2029 affert,
976 1979 1177 2019 Rhodium
1203 1990 1340 2029 quem-

215 2029 307 2068 dam
336 2033 563 2072 morientem
589 2048 655 2074 sex
679 2036 843 2088 aequales
869 2035 1099 2081 nominasse,
1126 2039 1164 2070 et
1182 2031 1337 2080 dixisse,

217 2085 286 2135 qui
304 2086 452 2137 primus
471 2101 618 2137 eorum,
639 2090 708 2142 qui
727 2089 928 2137 secundus,
949 2088 1018 2141 qui
1038 2085 1215 2137 [deinde]
1232 2084 1340 2123 dein-

217 2151 305 2190 ceps
323 2141 532 2181 moritums
556 2151 664 2181 esset.
709 2144 784 2182 Sed
809 2144 932 2182 tribus
948 2141 1074 2181 modis
1092 2147 1217 2179 censet
1234 2138 1340 2177 Deo-

219 2205 308 2232 rum
326 2195 491 2247 appulsu
517 2197 692 2237 homines
711 2198 922 2237 somniare:
954 2209 1047 2247 uno,
1073 2193 1178 2248 quod
1202 2193 1340 2247 praevi-
