1470 2402
298 110 378 150 DE
406 108 765 159 SENECTUTE‚
795 108 900 149 οη.
924 108 987 147 14.
1123 107 1202 145 351

82 217 244 270 expletis
259 218 469 269 jucundius
486 226 541 258 est
555 231 693 266 carere,
709 231 830 270 quam
843 216 941 256 frui:
967 226 1207 269 quamquam

83 284 162 311 non
181 282 280 313 caret
298 274 344 321 is,
366 274 435 325 qui
452 286 531 312 non
549 272 747 311 desiderat.
788 271 896 323 Ergo
913 271 986 309 hoc
1003 282 1082 309 non
1107 269 1208 308 desi-

83 326 229 377 derare,
250 328 334 367 dico
353 342 431 366 esse
446 327 670 378 jucundius,
692 339 811 378 quam
829 325 920 364 frui.

138 380 258 428 Quod
277 382 307 420 si
332 382 414 420 istis
438 382 530 433 ipsis
548 381 808 432 voluptatibus
827 382 929 419 bona
953 386 1043 417 aetas
1064 377 1207 416 fruitur

82 434 290 483 libentius;
324 437 497 488 primum
522 435 692 487 parvulis
716 435 857 473 fruitur
882 435 1010 481 rebus,
1035 441 1081 471 ut
1107 431 1207 470 dixi-

83 501 195 528 mus:
223 490 359 529 deinde
376 491 436 539 iis,
457 491 598 542 quibus
617 497 801 536 senectus,
822 488 854 527 si
871 500 949 526 non
968 486 1121 525 abunde
1139 499 1208 537 po-

83 543 191 591 titur,
230 557 308 583 non
344 545 502 583 omnino
539 551 651 583 caret.
698 544 757 582 Ut
788 542 989 594 Turpione
1019 540 1209 579 Ambivio

82 598 206 649 magis
224 598 446 648 delectatur,
467 598 536 650 qui
553 598 594 636 in
612 598 739 649 prima
757 597 871 636 cavea
889 602 1057 648 spectat3
1087 594 1211 632 delec-

83 658 187 689 tatur
209 659 353 702 tamen,
381 653 497 692 etiam
521 652 590 704 qui
615 653 656 690 in
682 651 836 701 ultima,
864 651 916 689 sic
941 647 1208 696 adolescentia,

84 706 298 757 voluptates
329 721 448 759 prope
480 707 647 754 intuens,
682 706 805 757 magis
837 705 997 743 fortasse
1025 704 1178 742 laetatur
1193 715 1206 739 ε

84 760 151 797 sed
178 760 386 800 delectatur
414 761 530 800 etiam
558 768 745 809 senectus,
772 759 906 811 procul
931 772 993 797 eas
1019 765 1208 810 spectans,

84 821 252 862 tantum,
273 824 464 867 quantum
492 822 549 853 sat
574 822 641 853 est·
681 815 740 853 At
761 814 829 852 illa
848 813 984 865 quanti
1002 818 1105 859 sunt,
1126 811 1210 849 ani-

83 880 210 918 mum,
235 876 437 921 tamquam
462 868 628 908 emeritis
654 868 850 920 stipendiis
873 867 1058 915 libidinis,
1086 865 1212 904 ambi-

84 922 211 971 tionis,
232 924 498 972 contentionis,
519 922 822 970 inimicitiarum,
847 921 1104 973 cupiditatum
1126 932 1211 958 om-

83 975 209 1026 nium,
230 991 360 1016 secum
380 991 472 1025 oese,
493 990 700 1029 secumque
720 979 781 1021 (ut
799 975 955 1024 dicitur)
975 975 1101 1013 vivere
1117 974 1126 1011 !
1167 973 1212 1012 Si

85 1044 174 1069 vero
192 1031 309 1070 habet
327 1032 485 1084 aliquod
509 1039 712 1083 tamquam
736 1030 927 1082 pabulum
953 1028 1070 1067 studii
1094 1036 1212 1079 atque

84 1085 280 1133 doctrinae,
300 1086 399 1124 nihil
417 1094 474 1125 est
492 1086 612 1124 otiosa
631 1092 821 1124 senectute
839 1083 1061 1133 jucundius.
1102 1081 1212 1120 Mori

83 1152 194 1191 paene
221 1140 459 1189 videbamus,
487 1139 530 1177 in
559 1139 684 1178 studio
716 1138 940 1177 dimetiendi
972 1137 1056 1176 coeli
1093 1143 1212 1188 atque

84 1201 209 1241 terrae,
247 1194 292 1233 C.
325 1194 501 1242 Gallum,
534 1193 764 1232 familiarem
801 1192 920 1245 patris
956 1191 1029 1239 tui,
1068 1190 1210 1242 Scipio.

84 1246 248 1294 Quoties
273 1248 388 1287 illum
416 1249 489 1287 lux
517 1255 634 1286 noctu
660 1247 807 1300 aliquid
832 1245 1041 1286 describere
1064 1244 1212 1296 ingros-

85 1314 188 1350 sum,
221 1302 370 1354 quoties
400 1314 480 1341 nox
511 1302 711 1355 oppressit,
745 1314 836 1340 cum
867 1313 982 1338 mane
1011 1298 1208 1351 coepisset!

84 1369 205 1408 quam
223 1357 434 1395 delectabat
451 1369 557 1404 eum,
573 1355 799 1395 defectiones
814 1355 902 1394 solis
917 1361 954 1394 et
967 1355 1072 1393 lunae
1085 1353 1213 1392 multo

85 1410 195 1449 nobis
213 1419 302 1449 ante
320 1410 547 1462 praedicere!

140 1464 250 1512 Quid
262 1465 303 1503 in
316 1465 522 1504 levioribus
536 1463 686 1513 studiis,
699 1463 765 1503 sed
779 1471 910 1502 tamen
924 1461 1070 1502 acutis?
1091 1473 1213 1513 quam

85 1518 277 1569 gaudebat
294 1519 408 1557 Bello
433 1532 502 1557 suo
529 1518 679 1558 Punico
698 1519 740 1557 N
743 1517 885 1557 aevius!
917 1529 1038 1569 quam
1056 1515 1212 1554 Trucu-

84 1573 189 1610 lento
209 1572 396 1611 Plautus!
428 1585 548 1624 quam
567 1572 785 1611 Pseudolo!
821 1571 916 1611 Vidi
942 1570 1058 1609 etiam
1081 1581 1212 1608 senem

85 1625 271 1665 Livium:
302 1626 385 1678 qui,
404 1639 494 1665 cum
513 1639 580 1665 sex
598 1639 718 1665 annos
736 1633 839 1672 ante,
860 1638 979 1677 quam
1005 1636 1075 1674 ego
1097 1630 1212 1662 natus

86 1693 188 1728 sum,
207 1680 383 1718 fabulam
405 1680 607 1728 docuisset,
633 1680 804 1719 Centone
825 1678 1101 1729 Tuditanoque
1119 1689 1211 1715 con-

87 1734 250 1782 sulibus,
291 1747 414 1786 usque
451 1734 500 1772 ad
536 1733 830 1772 adolescentiam
866 1745 995 1770 meam
1030 1730 1212 1782 processit

86 1796 208 1827 aetate.
249 1787 359 1835 Quid
383 1788 431 1826 de
456 1788 504 1826 P.
525 1787 667 1826 Licinii
686 1787 813 1827 Crassi
837 1794 875 1824 et
899 1784 1085 1837 pontificii
1103 1792 1141 1824 et
1158 1785 1212 1824 ci-

86 1842 173 1881 vilis
195 1842 293 1891 juris
318 1842 444 1881 studio
461 1841 621 1893 loquar?
655 1848 723 1880 aut
741 1841 788 1879 de
806 1841 923 1890 hujus
943 1840 989 1877 P.
1007 1839 1210 1890 Scipionis,

86 1897 156 1948 qui
173 1896 234 1934 his
251 1896 383 1947 paucis
402 1896 536 1934 diebus
555 1895 729 1947 pontifex
750 1894 946 1933 maximus
970 1893 1094 1931 factus
1120 1900 1176 1932 est
1190 1895 1210 1932 ἓ

84 1949 214 2002 Atqui
243 1963 305 1989 eos
332 1963 479 1998 omnes,
511 1963 608 2001 quos
639 1948 951 1995 commemoravi,
981 1947 1042 1985 his
1075 1946 1211 1986 studiis

86 2004 289 2055 flagrantes
308 2016 413 2042 senes
432 2003 610 2042 vidimus.
649 2003 711 2041 M.
733 2016 821 2041 vero
839 2002 1070 2052 Cethegum,
1091 2014 1211 2053 quem

85 2066 185 2096 recte
220 2061 248 2080 ‘⁶
268 2058 408 2104 Suadae
439 2057 685 2096 medullam”
722 2057 822 2095 dixit
856 2056 1024 2105 Ennius,
1063 2063 1211 2107 quanto

86 2112 214 2150 studio
232 2112 396 2151 exerceri
413 2112 455 2150 in
473 2112 632 2151 dicendo
650 2110 889 2159 videbamus,
910 2110 1027 2149 etiam
1049 2122 1179 2148 senem
1195 2109 1206 2146 !

87 2165 189 2213 Quae
207 2172 297 2205 sunt
318 2166 437 2217 igitur
460 2167 678 2218 epularum,
704 2172 772 2203 aut
794 2165 992 2213 ludorum,
1017 2170 1086 2202 aut
1111 2175 1212 2202 soor-

87 2227 230 2271 torum,
238 2220 452 2273 voluptates
465 2233 556 2260 cum
569 2220 630 2260 his
642 2219 904 2272 voluptatibus
916 2216 1182 2271 comparandae
1191 2219 1211 2257 ?
