1470 2402
173 81 226 119 96
259 80 337 120 DE
366 81 786 130 DIVINATIONE,
808 78 988 120 1211211.
1012 58 1217 120 (311κὸσᾷ

228 188 343 227 LVI.
373 189 449 228 Sed
463 191 546 239 jam
565 190 614 228 ad
632 197 669 228 te
684 190 808 238 venio,

234 287 262 307 “
283 284 321 323 O
337 293 463 323 sancte
482 285 627 336 Apollo
646 286 655 323 2
687 286 755 338 qui
773 284 1000 324 umbilicum
1019 292 1166 323 certum
1178 290 1296 323 terra-

338 352 425 377 rum
445 340 606 386 obsides,

232 392 349 431 Unde
364 394 620 444 superstitiosa
634 394 803 445 primum
820 407 919 432 saeva
937 393 1054 432 evasit
1072 405 1147 430 vox
1157 391 1278 430 fera.”

180 487 280 525 Tuis
304 487 406 525 enim
435 488 595 525 oraculis
616 488 855 539 Chrysippus
873 495 998 525 totum
1017 488 1197 526 volumen
1223 486 1300 524 im-

179 541 312 592 plevit,
332 541 471 592 partim
490 542 609 588 falsis,
630 550 673 579 ut
694 555 763 592 ego
786 542 934 593 opinor,
961 543 1101 593 partim
1125 553 1212 578 casu
1235 553 1299 578 ve-

180 595 248 641 ris,
264 603 308 632 ut
326 596 369 633 fit
380 596 420 633 in
435 596 541 633 omni
556 596 723 643 oratione
739 595 944 646 saepissime
958 609 970 640 ς
1000 595 1137 646 partim
1153 593 1300 632 flexilo-

182 649 268 700 quis
288 657 324 687 et
342 650 524 696 obscuris,
545 657 589 686 ut
606 650 789 700 interpres
809 657 916 700 egeat
933 649 1149 699 interprete,
1169 656 1206 686 et
1223 660 1302 685 sors

183 702 266 753 ipsa
280 703 328 740 ad
343 711 459 740 sortes
478 702 673 741 referenda
689 703 761 748 sit;
791 703 931 754 partim
944 702 1149 753 ambiguis,
1164 709 1201 739 et
1215 714 1302 753 quae

185 756 233 794 ad
253 756 493 794 dialecticum
513 756 716 794 deferenda
741 757 828 794 sint.
877 756 1000 804 Nam,
1021 769 1110 795 cum
1133 768 1210 794 sors
1236 755 1303 793 illa

187 810 289 848 edita
309 818 363 848 est
382 810 668 861 opulentissimo
687 810 767 861 regi
786 810 908 858 Asiae,

243 900 271 920 “
293 898 459 945 Croesus,
492 898 641 969 Haly'm
665 905 881 949 penetrans,
908 910 1092 948 magnam
1121 902 1307 948 pervertet

347 965 466 1004 opum
486 965 592 997 vim,

189 1040 359 1078 hostium
377 1039 453 1077 vim
474 1052 551 1077 sese
565 1052 832 1091 perversurum
846 1047 965 1091 putav
967 1039 1024 1084 it;
1055 1038 1234 1090 pervertit
1245 1051 1312 1076 au-

191 1102 269 1132 tem
300 1107 420 1131 suam
451 1093 597 1131 Utrum
627 1094 744 1144 igitur
774 1107 906 1132 eorum
937 1068 1144 1142 acciiiisset,
1178 1104 1312 1130 verum

191 1147 389 1185 oraculum
412 1147 556 1185 fixisset.
598 1147 679 1186 Cur
706 1155 836 1185 autem
863 1147 935 1185 hoc
961 1147 1110 1185 credam
1138 1158 1309 1198 unquam

194 1201 340 1239 editum
355 1201 482 1240 Croeso
498 1204 514 1240 ‚⁴
559 1210 625 1239 aut
646 1201 887 1239 Herodotum
908 1214 974 1240 cur
994 1201 1220 1239 veraciorem
1240 1201 1310 1238 du-

194 1268 279 1293 cam
315 1255 479 1293 Eur-io?
529 1256 640 1293 Num
670 1256 800 1293 minus
828 1256 894 1293 ille
928 1255 1053 1320 potuit
1089 1255 1136 1293 de
1174 1255 1313 1299 Crozso,

195 1322 314 1360 quam
342 1309 388 1347 de
414 1309 564 1360 Pyrrho
590 1310 639 1347 fn
645 1322 732 1360 gere
762 1309 945 1347 Ennius?
987 1309 1087 1356 Quis
1114 1309 1216 1347 enim
1243 1316 1312 1354 est,

196 1364 265 1414 qui
284 1363 424 1411 credat,
440 1363 636 1415 Apollinis
656 1376 703 1401 ex
722 1363 874 1402 oraculo
895 1363 1045 1415 Pyrrho
1064 1376 1142 1402 esse
1162 1374 1313 1414 respen-

196 1430 299 1465 sum,

254 1509 283 1528 “
303 1506 396 1554 Aio,
417 1513 469 1553 te,
486 1506 662 1553 AEacida,
685 1507 882 1545 Romanos
901 1507 1049 1544 vincere
1066 1505 1202 1558 posse’'
1231 1507 1249 1544 ?

201 1593 395 1640 Primum,
416 1593 556 1631 Latine
575 1593 719 1643 Apollo
740 1605 941 1644 nunquam
958 1593 1107 1631 locutus
1126 1600 1192 1631 est.
1236 1592 1314 1630 De-

199 1647 302 1694 inde,
322 1647 395 1684 ista
414 1660 492 1684 sors
506 1647 679 1684 inaudita
699 1647 842 1685 Graecis
861 1656 926 1685 est.
958 1648 1158 1692 Praeterea,
1179 1647 1314 1698 Pyrrhi

201 1701 450 1752 temporibus,
468 1702 550 1750 jam
570 1701 715 1752 Apollo
734 1714 862 1739 versus
881 1701 1002 1739 facere
1024 1701 1193 1739 desierat„
1224 1701 1315 1739 Pos-

201 1763 337 1803 tremo,
371 1767 610 1806 quamquam
639 1768 787 1806 semper
818 1755 893 1793 fuit
927 1758 988 1799 (ut
1015 1755 1118 1806 apud
1145 1755 1314 1793 Ennium

204 1817 277 1854 est)

260 1912 466 1922 ............
486 1886 514 1905 “
536 1883 716 1921 stolidum
735 1897 855 1953 genus
874 1884 1138 1931 AEacidarum,

257 1937 531 1988 Bellipotentes
549 1946 639 1975 sunt
650 1939 767 1989 magi'
771 1967 782 1987 ,
800 1951 917 1990 quam
933 1937 1315 1990 sapientipotentesffl
1273 1966 1285 1983 ‚

206 2034 333 2064 tamen
353 2025 452 2064 hanc
466 2026 741 2077 amphiboliam
761 2030 887 2065 versus
904 2027 1113 2088 intelligere
1125 2026 1316 2078 potuisset,

211 2079 407 2117 “vincere
425 2088 463 2118 te
478 2080 628 2117 Roman
618 2081 703 2125 1ὀε,
708 2081 858 2118 ’rihilo
877 2094 937 2118 nte
931 2081 998 2132 ¹gis
1017 2081 1056 2118 in
1076 2094 1127 2126 se,
1148 2092 1260 2131 quam
1278 2079 1318 2116 in

210 2133 420 2179 Romanos,
448 2134 583 2172 valere.
614 2135 719 2172 Nam
745 2135 812 2173 illa
837 2135 1086 2186 amphibolia,
1112 2147 1198 2185 quae
1215 2133 1319 2172 Croe-
