1470 2402
14 2157 18 2217 ἶ

15 2243 19 2299 i

281 97 363 138 DE
393 98 660 150 OFFICIIS,
692 99 794 139 Lm.
815 98 875 139 11.
906 97 1015 139 CAP.
1034 98 1074 138 9.
1163 95 1246 141 267

108 216 187 244 non
206 219 316 259 aeque
333 221 467 248 omnes
484 216 598 261 egent
610 224 622 248 x
653 209 719 248 sed
743 217 889 257 tamen,
918 208 951 246 si
969 206 1031 246 cui
1049 206 1132 245 haec
1150 218 1244 257 sup-

107 267 261 312 petunt,
287 262 473 313 adjuvant
497 264 758 316 aliquantum,
785 272 873 303 tum
899 262 949 302 ad
976 268 1126 310 caetera,
1155 267 1242 299 tum

108 314 161 353 ad
178 315 364 356 amicitias
383 318 670 370 comparandas.

165 369 245 409 IX.
279 371 356 411 Sed
385 372 434 411 de
460 373 631 412 amicitia
659 373 735 412 alio
767 373 867 412 libro
897 370 1045 411 dictum
1072 377 1142 418 est,
1173 368 1244 420 qui

110 422 330 464 inscribitur
364 428 392 450 “
417 427 605 466 Laelius.''
648 429 769 467 Nunc
801 427 975 466 dicamus
1007 424 1055 462 de
1087 423 1241 475 glori323

111 491 368 532 quamquam,
389 481 435 520 e&
459 495 616 534 quoque
640 483 689 521 de
706 495 762 531 re,
782 481 860 520 duo
879 489 969 520 sunt
987 479 1107 517 nostri
1125 477 1215 516 libri
1229 492 1242 515 :

111 532 180 571 sed
198 534 448 586 attingamus,
469 537 785 589 quandoquidem
805 549 862 585 ea,
886 536 928 574 in
952 535 1067 574 rebus
1085 531 1244 583 majori-

113 587 187 626 bus
205 588 531 639 administrandis,
553 591 711 642 adjuvat
729 591 956 643 plurimum.

166 643 334 683 Summa
350 645 470 696 igitur
489 654 526 684 et
543 647 712 698 perfecta
730 646 852 697 gloria
876 651 1023 683 constat
1046 655 1094 681 ex
1120 640 1245 680 tribus

112 696 198 736 his:
229 698 262 736 si
286 699 414 751 diligit
438 701 675 746 multitud03
707 701 739 739 si
763 699 880 738 fidem
905 699 1048 743 habet;
1079 696 1125 744 si,
1152 708 1243 734 cum

109 751 367 792 admiratione
384 755 570 806 quadam,
590 755 734 794 honore
753 767 822 793 nos
840 754 976 805 dignos
991 759 1115 804 putat.
1146 750 1245 789 Haec

110 814 259 855 autem,
281 808 330 851 (si
350 818 406 847 est
420 809 643 861 simpliciter
656 809 899 860 breviterque
913 806 1137 852 dicendum)
1156 804 1245 856 qui-

109 861 183 902 bus
202 863 316 902 rebus
338 861 563 917 [parantur]
585 877 608 903 a
622 864 796 916 singulis,
817 863 960 901 eisdem
975 862 1054 900 fere
1072 873 1095 898 a
1108 858 1245 897 multi-

109 916 256 955 tudine.
286 918 363 957 Sed
383 926 438 958 est
457 919 555 958 alius
574 931 730 971 quoque
749 918 909 970 quidam
928 916 1055 956 aditus
1073 914 1124 953 ad
1138 913 1244 952 mul-

109 969 332 1020 titudinem,
351 981 397 1011 ut
422 973 463 1012 in
491 973 758 1013 universorum
782 972 932 1012 animos
959 978 1160 1023 tamquam
1182 968 1244 1007 in-

110 1023 230 1064 fluere
247 1027 449 1078 possimus.

164 1078 229 1119 Ae
246 1081 419 1133 primum
438 1082 486 1121 de
503 1082 580 1121 illis
600 1082 736 1130 tribus,
757 1095 846 1134 quae
863 1088 952 1119 ante
977 1078 1061 1118 dixi
1078 1079 1244 1117 benevo-

110 1134 240 1174 lentiae
267 1145 472 1189 praecepta,
498 1137 722 1176 videamus:
754 1149 843 1188 quae
868 1135 1027 1187 quidem
1051 1131 1247 1173 beneficiis

110 1189 260 1241 oepitur
284 1192 481 1231 maxime:
512 1192 679 1231 secundo
704 1198 835 1230 autem
859 1191 957 1237 1000,
982 1187 1155 1228 benefica
1178 1199 1245 1225 vo-

110 1243 261 1284 luntate
284 1247 551 1286 benevolentia
568 1254 759 1294 movetur,
786 1245 903 1284 etiam
923 1244 955 1283 si
973 1257 1032 1283 τῶ
1050 1243 1149 1282 forte
1165 1253 1244 1280 non

110 1300 293 1351 suppetit.
322 1301 582 1341 Vehementer
596 1309 728 1340 autem
743 1313 851 1340 amor
864 1297 1126 1338 multitudinis
1141 1309 1247 1335 oom-

109 1362 288 1393 movetur
312 1355 397 1407 ipsa
420 1356 528 1395 fama
553 1364 591 1395 et
616 1355 798 1408 opinione
821 1353 1074 1400 liberalitatis,
1100 1349 1247 1390 benefi=

110 1408 259 1459 oentiae,
276 1410 450 1460 justitiae,
477 1411 582 1460 fidei,
605 1411 861 1462 omniumque
886 1420 1020 1448 earum
1038 1407 1245 1452 virtutum,

109 1476 200 1514 quae
228 1465 422 1517 pertinent
446 1466 496 1504 ad
520 1465 860 1504 mansuetudinem
884 1475 1040 1502 morum
1060 1474 1104 1500 ac
1121 1459 1247 1498 facili-

109 1523 241 1557 tatem.
271 1518 432 1559 Etenim
461 1520 562 1559 illud
586 1520 732 1572 ipsum,
762 1518 868 1572 quod
897 1517 1103 1556 honoetum
1133 1514 1247 1553 deco-

108 1583 277 1624 rumque
293 1573 471 1623 dicimus,
492 1575 585 1628 quia
598 1588 666 1628 per
679 1588 719 1613 se
733 1573 844 1613 nobis
857 1573 997 1625 placet,
1017 1570 1246 1620 animosque

107 1627 286 1666 omnium
304 1629 444 1668 natura
461 1637 501 1668 et
518 1629 642 1681 specie
660 1629 733 1668 suit
746 1634 976 1672 commovet,
996 1624 1248 1674 maximeque

108 1681 221 1732 quasi
237 1683 409 1738 perlucet
423 1696 471 1722 ex
485 1683 553 1732 eis,
569 1697 666 1736 quas
680 1681 993 1728 commemoravi,
1009 1678 1216 1718 virtutibus
1228 1689 1244 1722 ς

107 1734 251 1775 idcirco
268 1736 369 1786 illos,
393 1738 434 1776 in
453 1738 596 1790 quibus
614 1751 677 1776 eas
695 1737 854 1776 virtutos
873 1748 953 1774 aese
970 1747 1115 1781 remur,
1135 1745 1159 1770 a
1176 1743 1246 1769 na-

110 1790 200 1829 tura
217 1791 302 1843 ipsa
320 1791 480 1844 diligere
497 1793 683 1844 cogimur.
712 1792 850 1843 Atque
867 1789 929 1829 hae
947 1788 1106 1841 quidem
1120 1799 1246 1826 oeusae

111 1843 300 1896 diligendi
324 1846 583 1899 gravissimae:
614 1853 776 1900 possunt
805 1844 911 1885 enim
938 1850 1122 1897 praeterffl
1148 1852 1248 1880 non-

112 1900 234 1938 nunae
253 1913 333 1939 esse
351 1901 522 1940 leviores.

165 1954 282 1993 Fides
301 1965 432 1994 autem
451 1964 496 1994 ut
514 1956 716 2004 habeatur,
745 1954 896 1994 duabus
920 1954 1035 1992 rebus
1061 1949 1159 1990 effici
1176 1962 1249 2002 po-

109 2014 184 2047 test
197 2023 208 2047 2
230 2009 263 2047 si
275 2009 586 2050 existimabimur
597 2011 727 2062 adepti
738 2010 984 2060 conjunctam
996 2019 1088 2046 cum
1098 2003 1253 2056 justiti&

112 2063 586 2172 Ξαὲεὶἓὲιζῗιᾷυῗωαῗοέ
599 2059 1255 2176 ἕδίᾒὲἓέυῗῗῖἳιῃέἓέἷιθςὲῐοῗᾳᾞ

116 2172 563 2228 prospioaqcredhnus,
590 2182 643 2224 et,
669 2187 760 2213 cum
784 2187 843 2213 τῶ
866 2180 1018 2225 agatur,
1049 2170 1091 2208 in
1121 2169 1254 2208 discn-

116 2237 286 2280 menque
310 2236 470 2270 ventum
495 2229 557 2280 sit,
582 2228 765 2282 expedire
788 2240 886 2279 rem,
913 2235 951 2268 et
976 2224 1180 2267 eonsilium
1204 2233 1256 2262 ex
