1470 2402
244 75 322 115 DE
341 75 756 124 DIVINATIONE,
778 76 876 114 LiB.
891 77 948 114 ΙΙ.
972 75 1076 115 CAP.
1091 79 1155 115 26.
1212 80 1263 123 73

150 182 300 231 sertim,
320 184 389 235 qui
405 183 621 222 interfuisti.
650 184 769 222 Vides
787 193 929 229 tamen,
945 185 1074 222 omnia
1087 185 1164 223 fere
1179 199 1267 223 con-

158 243 231 283 tra,
251 250 294 275 30
312 238 411 276 dicta
429 238 517 285 sint,
536 239 712 276 evenisse.
743 239 818 277 Sed
835 239 917 276 haec
935 238 1116 277 hactenus
1131 253 1141 277 :
1166 252 1268 278 1111110

158 289 208 327 3(1
225 299 370 329 ostenta
388 292 596 329 veniamus.

210 344 347 383 XXV.
376 345 522 393 Multa,
543 359 604 384 me
629 347 796 391 consule,
817 359 841 383 3
858 359 921 383 me
938 346 1020 396 ipso
1039 346 1191 397 scripta,
1212 361 1270 385 re-

155 397 306 436 citasti:
348 399 485 446 multa,
519 408 606 437 ante
637 399 850 438 Marsicum
880 400 1026 437 belluni
1057 414 1079 437 a
1111 401 1271 439 Sisenna

155 452 324 500 collecta,
361 452 546 490 attulisti:
591 453 728 500 multa,
767 462 854 491 ante
891 453 1271 493 Lacedaemoniorum

154 506 298 543 malam
322 519 494 557 pugn-am
522 507 563 543 in
591 507 764 544 Leuctris
793 520 814 544 3
842 507 1074 545 Callisthene
1103 521 1270 547 comme-

155 567 316 606 morata,
335 559 488 597 dixisti.
519 560 566 598 de
589 560 728 610 quibus
753 561 878 598 dicam
897 561 1074 621 equidem
1094 562 1268 612 singulis,

155 613 283 673 quoad
309 613 524 651 videbitur·
560 614 625 651 sed
651 614 855 651 dicendum
883 615 998 651 etiam
1027 623 1081 652 est
1109 616 1155 653 de
1183 617 1270 654 uni-

154 665 282 704 versis.
322 666 423 714 Quae
452 674 506 705 est
535 667 638 705 enirn
667 667 739 705 ista
767 681 789 704 3
818 667 905 705 Diis
930 668 1098 718 profecta
1125 670 1270 719 signifi-

142 719 267 768 catio,
287 728 325 758 et
343 721 452 772 quasi
470 721 719 768 denuntiatio,
740 722 1001 759 calamitatum
1017 724 1034 760 Ρ
1075 723 1183 770 Quid
1201 737 1270 761 au-

156 780 235 811 tem
254 775 388 813 volunt
406 788 450 812 ea
475 774 544 812 Dii
562 775 794 812 immortales
811 775 981 826 primum
1001 776 1269 826 significantes,

155 840 244 878 quae
280 828 359 866 51118
395 829 662 879 interpretibus
695 841 772 865 non
804 829 992 879 possimus
1028 830 1237 881 intelligere
1253 847 1266 878 ς

154 881 292 919 deinde
310 895 367 929 ea,
388 896 475 933 quae
497 895 626 920 cavere
651 885 915 933 nequeamus?
952 886 1011 919 At
1030 883 1102 921 hoc
1126 896 1174 922 ne
1198 886 1269 923 ho-

155 935 278 973 mines
296 936 451 986 quidem
476 937 587 986 probi
604 936 762 982 faciunt,
782 944 826 973 ut
852 936 981 973 amicis
1005 937 1268 987 impendentes

154 989 385 1027 calamitates
404 990 621 1041 praedicant,
643 1003 736 1040 quas
760 989 818 1026 illi
841 989 1006 1039 effugere
1025 991 1133 1028 nullo
1152 993 1267 1031 modo

154 1043 325 1093 possint;
352 1051 396 1080 ut
414 1043 564 1088 medici,
585 1056 823 1094 quamquam
841 1043 1061 1094 intelligunt
1080 1058 1190 1095 saepe,
1211 1056 1268 1084 ta-

153 1109 244 1134 men
258 1109 458 1148 nunquam
477 1097 585 1148 aegris
604 1097 749 1142 dicunt,
770 1097 836 1135 illo
854 1099 988 1135 morbo
1008 1111 1069 1135 eos
1089 1111 1166 1136 esse
1182 1114 1268 1138 mo-

152 1150 302 1188 rituros.
343 1151 484 1189 Omnis
510 1151 612 1189 enim
635 1151 828 1201 praedictio
852 1151 947 1188 mali
965 1159 1050 1188 tum
1068 1155 1266 1202 probatur,

152 1217 242 1242 cum
259 1204 309 1242 ad
327 1204 606 1255 praedictionem
628 1205 751 1242 cautio
766 1204 999 1255 adjungitur.
1030 1206 1137 1252 Quid
1151 1207 1269 1258 igitur

151 1266 220 1297 aut
237 1266 395 1306 ostenta,
415 1266 482 1296 aut
494 1271 625 1297 eorum
636 1258 870 1309 interpretes,
885 1272 908 1295 v
911 1259 946 1296 el
960 1259 1270 1300 Lacedaemonios

151 1313 260 1361 olim,
284 1313 345 1351 vel
369 1325 492 1364 nuper
516 1321 675 1360 nostros,
701 1313 959 1361 adjuverunt?
990 1326 1076 1363 quae
1102 1314 1133 1351 si
1158 1315 1267 1366 signa

151 1365 327 1404 Deorum
345 1366 515 1418 putanda
533 1374 634 1414 sunt,
655 1379 721 1404 cur
739 1375 820 1404 tam
835 1367 993 1404 obscura
1010 1366 1194 1407 fuerunt?
1223 1370 1267 1409 Si

150 1420 268 1467 8111111,
297 1428 342 1458 ut
354 1420 651 1471 intelligeremus
664 1420 758 1471 quid
773 1428 867 1458 esset
882 1433 926 1458 ev
927 1428 1122 1469 entur-um,
1139 1434 1268 1473 aperte

151 1474 334 1512 declarari
360 1476 584 1526 oportebat3
618 1481 686 1512 aut
712 1487 760 1513 ne
787 1473 932 1512 occulte
961 1474 1132 1525 quidem,
1163 1477 1195 1515 si
1223 1491 1267 1516 ea

150 1528 236 1567 50111
253 1529 444 1567 nolebant.

205 1582 366 1620 XXVI.
394 1583 489 1621 Jam
508 1595 595 1621 vero
620 1584 834 1633 conjectura
858 1582 996 1644 omnis,
1016 1583 1057 1620 in
1075 1583 1153 1634 quta
1176 1585 1267 1623 niti-

150 1643 215 1674 tur
232 1635 458 1685 divinatio,
447 1637 608 1687 ingeniis
636 1637 868 1675 hominum'
858 1651 899 1674 in
917 1638 1060 1675 multas
1079 1651 1122 1675 ac
1141 1638 1266 1677 diver-

151 1703 225 1736 535,
245 1698 313 1727 aut
331 1690 444 1728 etiam
464 1690 681 1737 contrarias,
701 1699 827 1742 partes
846 1704 944 1742 saepe
963 1691 1173 1729 deducitur.
1207 1693 1246 1731 L
1250 1701 1266 1731 t

152 1744 270 1804 8111111,
289 1744 330 1781 111
349 1744 468 1782 0311515
484 1744 742 1794 judicialibus,
763 1745 837 1782 alia
856 1754 910 1782 est
927 1746 1140 1793 conjectura
1154 1758 1265 1784 accu-

151 1797 296 1859 satoris,
317 1798 391 1836 alia
408 1798 626 1859 defensoris,
647 1806 684 1836 et
699 1806 828 1848 tamen
842 1798 1054 1863 utriusque·
1055 1799 1266 1845 credibilis;

150 1852 217 1899 510,
236 1851 278 1889 111
296 1851 501 1890 omnibus'
491 1852 537 1890 iis
562 1854 674 1890 rebus
698 1866 785 1903 quae
810 1853 1022 1900 conjectura
1043 1852 1264 1905 investigari

149 1905 339 1953 videntur,
370 1918 506 1956 anceps
529 1906 714 1957 reperitur
740 1904 888 1957 [ratim]
921 1905 1030 1952 Quas
1048 1914 1176 1944 autem
1202 1921 1262 1946 res

148 1967 234 1997 tum
258 1967 409 2007 natura,
429 1968 514 1997 tuni
539 1973 645 1998 casus
670 1959 792 2006 affert,
822 1963 1117 2011 (nonnunquam
1146 1961 1263 2000 etiam

148 2026 313 2052 errorem
332 2021 432 2052 creat
449 2013 674 2059 similitudo)
693 2027 835 2064 magna
858 2013 1019 2052 stultitia
1040 2022 1108 2060 ost,
1130 2027 1263 2053 earum

146 2080 277 2105 rerum
314 2067 418 2106 Deos
453 2067 575 2106 facere
612 2067 816 2116 effectores,
852 2080 984 2106 causas
1018 2081 1146 2106 rerum
1183 2081 1261 2108 non

149 2134 328 2173 quaerere.
398 2149 401 2151 -

203 2175 270 2213 Tu
296 2182 398 2214 vatae
422 2176 588 2215 Boeotios
615 2176 733 2215 credis
760 2175 940 2216 Lebadiae
957 2175 1093 2215 vidisse
1116 2189 1162 2214 ex
1180 2177 1265 2228 gal-

148 2230 334 2273 (Philos.)
354 2240 458 2267 voi..
482 2241 542 2267 iv.
902 2241 932 2267 H
