<?xml version="1.0" encoding="UTF-8"?>
<!DOCTYPE html PUBLIC "-//W3C//DTD XHTML 1.0 Transitional//EN"
    "http://www.w3.org/TR/xhtml1/DTD/xhtml1-transitional.dtd">
<html xmlns="http://www.w3.org/1999/xhtml" xml:lang="en" lang="en">
 <head>
  <title>
</title>
<meta http-equiv="Content-Type" content="text/html;charset=utf-8" />
  <meta name='ocr-system' content='tesseract 3.04.00' />
  <meta name='ocr-capabilities' content='ocr_page ocr_carea ocr_par ocr_line ocrx_word'/>
</head>
<body>
  <div class='ocr_page' id='page_1' title='image "./operaern04ciceuoft_0441.png"; bbox 0 0 1470 2402; ppageno 0'>
   <div class='ocr_carea' id='block_1_1' title="bbox 296 112 1264 157">
    <p class='ocr_par' dir='ltr' id='par_1_1' title="bbox 296 112 1264 157">
     <span class='ocr_line' id='line_1_1' title="bbox 296 112 1264 157; baseline 0.001 -2"><span class='ocrx_word' id='word_1_1' title='bbox 296 112 578 155; x_wconf 83' lang='lat' dir='ltr'>SOMNIUM</span> <span class='ocrx_word' id='word_1_2' title='bbox 608 112 906 154; x_wconf 89' lang='lat' dir='ltr'><strong>SCIPIONIS.</strong></span> <span class='ocrx_word' id='word_1_3' title='bbox 927 114 1033 154; x_wconf 73' lang='lat' dir='ltr'>CAP.</span> <span class='ocrx_word' id='word_1_4' title='bbox 1055 115 1092 153; x_wconf 88' lang='grc'>9.</span> <span class='ocrx_word' id='word_1_5' title='bbox 1184 115 1264 157; x_wconf 78' lang='grc'>427</span> 
     </span>
    </p>
   </div>
   <div class='ocr_carea' id='block_1_2' title="bbox 95 220 1258 2293">
    <p class='ocr_par' dir='ltr' id='par_1_2' title="bbox 95 220 1258 1800">
     <span class='ocr_line' id='line_1_2' title="bbox 115 220 1258 275; baseline 0.002 -14"><span class='ocrx_word' id='word_1_6' title='bbox 115 220 241 262; x_wconf 67' lang='lat' dir='ltr'>multi)</span> <span class='ocrx_word' id='word_1_7' title='bbox 271 222 504 275; x_wconf 78' lang='lat' dir='ltr'>vigilantius.</span> <span class='ocrx_word' id='word_1_8' title='bbox 544 222 600 261; x_wconf 84' lang='lat' dir='ltr'>Et</span> <span class='ocrx_word' id='word_1_9' title='bbox 617 223 697 273; x_wconf 85' lang='grc'><strong>1110,</strong></span> <span class='ocrx_word' id='word_1_10' title='bbox 731 222 798 262; x_wconf 81' lang='lat' dir='ltr'>Tu</span> <span class='ocrx_word' id='word_1_11' title='bbox 831 235 921 262; x_wconf 89' lang='lat' dir='ltr'>vero</span> <span class='ocrx_word' id='word_1_12' title='bbox 944 222 1112 270; x_wconf 71' lang='lat' dir='ltr'>enitere,</span> <span class='ocrx_word' id='word_1_13' title='bbox 1141 229 1180 262; x_wconf 89' lang='lat' dir='ltr'>et</span> <span class='ocrx_word' id='word_1_14' title='bbox 1204 223 1258 263; x_wconf 89' lang='lat' dir='ltr'>sic</span> 
     </span>
     <span class='ocr_line' id='line_1_3' title="bbox 110 277 1252 339; baseline 0 -23"><span class='ocrx_word' id='word_1_15' title='bbox 110 277 268 326; x_wconf 86' lang='lat' dir='ltr'>habeto,</span> <span class='ocrx_word' id='word_1_16' title='bbox 288 290 366 316; x_wconf 91' lang='lat' dir='ltr'>non</span> <span class='ocrx_word' id='word_1_17' title='bbox 385 291 464 316; x_wconf 88' lang='lat' dir='ltr'>esse</span> <span class='ocrx_word' id='word_1_18' title='bbox 488 285 526 316; x_wconf 85' lang='lat' dir='ltr'>te</span> <span class='ocrx_word' id='word_1_19' title='bbox 543 278 762 339; x_wconf 85' lang='lat' dir='ltr'>mortalem,</span> <span class='ocrx_word' id='word_1_20' title='bbox 784 277 850 316; x_wconf 89' lang='lat' dir='ltr'>sed</span> <span class='ocrx_word' id='word_1_21' title='bbox 869 290 1007 329; x_wconf 89' lang='lat' dir='ltr'>corpus</span> <span class='ocrx_word' id='word_1_22' title='bbox 1032 277 1116 316; x_wconf 81' lang='lat' dir='ltr'>hoc.</span> <span class='ocrx_word' id='word_1_23' title='bbox 1165 278 1252 317; x_wconf 90' lang='lat' dir='ltr'>Nec</span> 
     </span>
     <span class='ocr_line' id='line_1_4' title="bbox 109 331 1250 393; baseline 0 -22"><span class='ocrx_word' id='word_1_24' title='bbox 109 331 218 371; x_wconf 87' lang='lat' dir='ltr'>enim</span> <span class='ocrx_word' id='word_1_25' title='bbox 238 339 281 370; x_wconf 84' lang='lat' dir='ltr'>tu</span> <span class='ocrx_word' id='word_1_26' title='bbox 300 332 332 371; x_wconf 91' lang='lat' dir='ltr'>is</span> <span class='ocrx_word' id='word_1_27' title='bbox 352 345 404 380; x_wconf 89' lang='lat' dir='ltr'>es,</span> <span class='ocrx_word' id='word_1_28' title='bbox 432 345 550 393; x_wconf 82' lang='lat' dir='ltr'>quem</span> <span class='ocrx_word' id='word_1_29' title='bbox 575 331 700 370; x_wconf 86' lang='lat' dir='ltr'>forma</span> <span class='ocrx_word' id='word_1_30' title='bbox 726 332 799 371; x_wconf 83' lang='lat' dir='ltr'>ista</span> <span class='ocrx_word' id='word_1_31' title='bbox 824 332 1017 377; x_wconf 82' lang='lat' dir='ltr'>declarat;</span> <span class='ocrx_word' id='word_1_32' title='bbox 1049 332 1114 370; x_wconf 87' lang='lat' dir='ltr'>sed</span> <span class='ocrx_word' id='word_1_33' title='bbox 1139 344 1250 371; x_wconf 85' lang='lat' dir='ltr'>mens</span> 
     </span>
     <span class='ocr_line' id='line_1_5' title="bbox 109 386 1250 447; baseline 0 -23"><span class='ocrx_word' id='word_1_34' title='bbox 109 387 315 438; x_wconf 88' lang='lat' dir='ltr'>cujusque,</span> <span class='ocrx_word' id='word_1_35' title='bbox 336 387 368 425; x_wconf 88' lang='lat' dir='ltr'>is</span> <span class='ocrx_word' id='word_1_36' title='bbox 388 394 443 425; x_wconf 85' lang='lat' dir='ltr'>est</span> <span class='ocrx_word' id='word_1_37' title='bbox 462 386 650 438; x_wconf 81' lang='lat' dir='ltr'>quisque3</span> <span class='ocrx_word' id='word_1_38' title='bbox 681 399 758 425; x_wconf 90' lang='lat' dir='ltr'>non</span> <span class='ocrx_word' id='word_1_39' title='bbox 779 400 824 425; x_wconf 88' lang='lat' dir='ltr'>ea</span> <span class='ocrx_word' id='word_1_40' title='bbox 843 387 982 447; x_wconf 78' lang='lat' dir='ltr'>figura,</span> <span class='ocrx_word' id='word_1_41' title='bbox 1014 399 1103 437; x_wconf 87' lang='lat' dir='ltr'>quae</span> <span class='ocrx_word' id='word_1_42' title='bbox 1128 386 1250 437; x_wconf 83' lang='lat' dir='ltr'><strong>digito</strong></span> 
     </span>
     <span class='ocr_line' id='line_1_6' title="bbox 109 440 1248 503; baseline 0.001 -25"><span class='ocrx_word' id='word_1_43' title='bbox 109 440 363 479; x_wconf 85' lang='lat' dir='ltr'>demonstrari</span> <span class='ocrx_word' id='word_1_44' title='bbox 382 448 517 492; x_wconf 88' lang='lat' dir='ltr'>potest.</span> <span class='ocrx_word' id='word_1_45' title='bbox 547 441 679 479; x_wconf 86' lang='lat' dir='ltr'>Deum</span> <span class='ocrx_word' id='word_1_46' title='bbox 698 449 735 479; x_wconf 91' lang='lat' dir='ltr'>te</span> <span class='ocrx_word' id='word_1_47' title='bbox 753 441 871 502; x_wconf 75' lang='lat' dir='ltr'>igitur</span> <span class='ocrx_word' id='word_1_48' title='bbox 892 441 984 478; x_wconf 88' lang='lat' dir='ltr'>scito</span> <span class='ocrx_word' id='word_1_49' title='bbox 1004 452 1108 486; x_wconf 88' lang='lat' dir='ltr'>esse;</span> <span class='ocrx_word' id='word_1_50' title='bbox 1129 441 1248 503; x_wconf 89' lang='lat' dir='ltr'>siqui-</span> 
     </span>
     <span class='ocr_line' id='line_1_7' title="bbox 110 494 1244 556; baseline 0.001 -24"><span class='ocrx_word' id='word_1_51' title='bbox 110 494 200 533; x_wconf 90' lang='lat' dir='ltr'>dem</span> <span class='ocrx_word' id='word_1_52' title='bbox 226 495 337 533; x_wconf 88' lang='lat' dir='ltr'>Deus</span> <span class='ocrx_word' id='word_1_53' title='bbox 364 503 434 543; x_wconf 87' lang='lat' dir='ltr'>est,</span> <span class='ocrx_word' id='word_1_54' title='bbox 463 495 532 546; x_wconf 89' lang='lat' dir='ltr'>qui</span> <span class='ocrx_word' id='word_1_55' title='bbox 557 495 674 556; x_wconf 77' lang='lat' dir='ltr'>viget,</span> <span class='ocrx_word' id='word_1_56' title='bbox 707 496 775 547; x_wconf 90' lang='lat' dir='ltr'>qui</span> <span class='ocrx_word' id='word_1_57' title='bbox 806 495 932 541; x_wconf 82' lang='lat' dir='ltr'>sentit,</span> <span class='ocrx_word' id='word_1_58' title='bbox 966 494 1034 545; x_wconf 90' lang='lat' dir='ltr'>qui</span> <span class='ocrx_word' id='word_1_59' title='bbox 1052 495 1244 543; x_wconf 83' lang='lat' dir='ltr'>meminit,</span> 
     </span>
     <span class='ocr_line' id='line_1_8' title="bbox 109 548 1244 601; baseline 0.002 -15"><span class='ocrx_word' id='word_1_60' title='bbox 109 548 179 600; x_wconf 93' lang='lat' dir='ltr'>qui</span> <span class='ocrx_word' id='word_1_61' title='bbox 196 549 384 601; x_wconf 77' lang='lat' dir='ltr'>providet,</span> <span class='ocrx_word' id='word_1_62' title='bbox 405 549 473 601; x_wconf 91' lang='lat' dir='ltr'>qui</span> <span class='ocrx_word' id='word_1_63' title='bbox 493 558 574 587; x_wconf 87' lang='lat' dir='ltr'>tam</span> <span class='ocrx_word' id='word_1_64' title='bbox 592 549 689 600; x_wconf 87' lang='lat' dir='ltr'>regit</span> <span class='ocrx_word' id='word_1_65' title='bbox 708 557 745 587; x_wconf 89' lang='lat' dir='ltr'>et</span> <span class='ocrx_word' id='word_1_66' title='bbox 763 549 982 587; x_wconf 88' lang='lat' dir='ltr'>moderatur</span> <span class='ocrx_word' id='word_1_67' title='bbox 1001 557 1038 587; x_wconf 93' lang='lat' dir='ltr'>et</span> <span class='ocrx_word' id='word_1_68' title='bbox 1056 557 1185 588; x_wconf 80' lang='lat' dir='ltr'>movet</span> <span class='ocrx_word' id='word_1_69' title='bbox 1203 550 1244 588; x_wconf 91' lang='lat' dir='ltr'>id</span> 
     </span>
     <span class='ocr_line' id='line_1_9' title="bbox 108 603 1245 655; baseline 0.001 -13"><span class='ocrx_word' id='word_1_70' title='bbox 108 616 260 655; x_wconf 89' lang='lat' dir='ltr'>corpus,</span> <span class='ocrx_word' id='word_1_71' title='bbox 282 604 344 642; x_wconf 90' lang='lat' dir='ltr'>cui</span> <span class='ocrx_word' id='word_1_72' title='bbox 363 603 587 655; x_wconf 70' lang='lat' dir='ltr'>praepositus</span> <span class='ocrx_word' id='word_1_73' title='bbox 606 612 676 650; x_wconf 87' lang='lat' dir='ltr'>est,</span> <span class='ocrx_word' id='word_1_74' title='bbox 704 617 823 655; x_wconf 90' lang='lat' dir='ltr'>quam</span> <span class='ocrx_word' id='word_1_75' title='bbox 842 604 945 642; x_wconf 89' lang='lat' dir='ltr'>hunc</span> <span class='ocrx_word' id='word_1_76' title='bbox 964 604 1158 642; x_wconf 87' lang='lat' dir='ltr'>mundum</span> <span class='ocrx_word' id='word_1_77' title='bbox 1177 605 1245 643; x_wconf 85' lang='grc'><strong>1110</strong></span> 
     </span>
     <span class='ocr_line' id='line_1_10' title="bbox 107 657 1242 710; baseline 0.002 -14"><span class='ocrx_word' id='word_1_78' title='bbox 107 658 284 709; x_wconf 87' lang='lat' dir='ltr'>princeps</span> <span class='ocrx_word' id='word_1_79' title='bbox 315 658 447 697; x_wconf 88' lang='lat' dir='ltr'>Deus:</span> <span class='ocrx_word' id='word_1_80' title='bbox 479 666 530 706; x_wconf 88' lang='lat' dir='ltr'>et,</span> <span class='ocrx_word' id='word_1_81' title='bbox 557 665 602 695; x_wconf 90' lang='lat' dir='ltr'>ut</span> <span class='ocrx_word' id='word_1_82' title='bbox 630 658 825 696; x_wconf 87' lang='lat' dir='ltr'>mundum</span> <span class='ocrx_word' id='word_1_83' title='bbox 856 671 903 696; x_wconf 82' lang='lat' dir='ltr'>ex</span> <span class='ocrx_word' id='word_1_84' title='bbox 935 657 1102 709; x_wconf 86' lang='lat' dir='ltr'>quadam</span> <span class='ocrx_word' id='word_1_85' title='bbox 1133 667 1242 710; x_wconf 84' lang='lat' dir='ltr'>parte</span> 
     </span>
     <span class='ocr_line' id='line_1_11' title="bbox 106 712 1239 764; baseline 0.001 -14"><span class='ocrx_word' id='word_1_86' title='bbox 106 713 311 751; x_wconf 86' lang='lat' dir='ltr'><strong>mortalem</strong></span> <span class='ocrx_word' id='word_1_87' title='bbox 335 712 416 764; x_wconf 88' lang='lat' dir='ltr'>ipse</span> <span class='ocrx_word' id='word_1_88' title='bbox 435 712 544 750; x_wconf 85' lang='lat' dir='ltr'>Deus</span> <span class='ocrx_word' id='word_1_89' title='bbox 563 720 740 760; x_wconf 86' lang='lat' dir='ltr'>aeternus,</span> <span class='ocrx_word' id='word_1_90' title='bbox 762 712 814 751; x_wconf 91' lang='lat' dir='ltr'>sic</span> <span class='ocrx_word' id='word_1_91' title='bbox 832 712 967 763; x_wconf 78' lang='lat' dir='ltr'>fragile</span> <span class='ocrx_word' id='word_1_92' title='bbox 993 725 1129 764; x_wconf 89' lang='lat' dir='ltr'>corpus</span> <span class='ocrx_word' id='word_1_93' title='bbox 1155 713 1239 751; x_wconf 82' lang='lat' dir='ltr'>ani-</span> 
     </span>
     <span class='ocr_line' id='line_1_12' title="bbox 106 767 1240 818; baseline 0.001 -13"><span class='ocrx_word' id='word_1_94' title='bbox 106 779 196 805; x_wconf 90' lang='lat' dir='ltr'>mus</span> <span class='ocrx_word' id='word_1_95' title='bbox 214 767 483 818; x_wconf 86' lang='lat' dir='ltr'>sempiternus,</span> <span class='ocrx_word' id='word_1_96' title='bbox 502 774 642 805; x_wconf 84' lang='lat' dir='ltr'>movet.</span> <span class='ocrx_word' id='word_1_97' title='bbox 679 767 801 815; x_wconf 78' lang='lat' dir='ltr'>Nam,</span> <span class='ocrx_word' id='word_1_98' title='bbox 818 767 922 818; x_wconf 91' lang='lat' dir='ltr'>quod</span> <span class='ocrx_word' id='word_1_99' title='bbox 943 780 1090 818; x_wconf 85' lang='lat' dir='ltr'>semper</span> <span class='ocrx_word' id='word_1_100' title='bbox 1107 780 1198 806; x_wconf 86' lang='lat' dir='ltr'>mov</span> <span class='ocrx_word' id='word_1_101' title='bbox 1201 781 1240 806; x_wconf 91' lang='lat' dir='ltr'>e-</span> 
     </span>
     <span class='ocr_line' id='line_1_13' title="bbox 106 821 1234 873; baseline 0 -14"><span class='ocrx_word' id='word_1_102' title='bbox 106 828 184 870; x_wconf 86' lang='lat' dir='ltr'>tur,</span> <span class='ocrx_word' id='word_1_103' title='bbox 207 829 393 860; x_wconf 87' lang='lat' dir='ltr'>aeternum</span> <span class='ocrx_word' id='word_1_104' title='bbox 423 830 502 859; x_wconf 86' lang='lat' dir='ltr'>est:</span> <span class='ocrx_word' id='word_1_105' title='bbox 533 821 638 873; x_wconf 94' lang='lat' dir='ltr'>quod</span> <span class='ocrx_word' id='word_1_106' title='bbox 656 829 786 859; x_wconf 90' lang='lat' dir='ltr'>autem</span> <span class='ocrx_word' id='word_1_107' title='bbox 801 828 952 859; x_wconf 88' lang='lat' dir='ltr'>motum</span> <span class='ocrx_word' id='word_1_108' title='bbox 972 821 1082 859; x_wconf 86' lang='lat' dir='ltr'>affert</span> <span class='ocrx_word' id='word_1_109' title='bbox 1105 821 1234 870; x_wconf 77' lang='lat' dir='ltr'>alicui,</span> 
     </span>
     <span class='ocr_line' id='line_1_14' title="bbox 105 875 1235 928; baseline 0 -15"><span class='ocrx_word' id='word_1_110' title='bbox 105 875 288 928; x_wconf 89' lang='lat' dir='ltr'>quodque</span> <span class='ocrx_word' id='word_1_111' title='bbox 307 876 437 928; x_wconf 86' lang='lat' dir='ltr'>ipsum</span> <span class='ocrx_word' id='word_1_112' title='bbox 457 876 624 926; x_wconf 86' lang='lat' dir='ltr'>agitatur</span> <span class='ocrx_word' id='word_1_113' title='bbox 638 875 818 921; x_wconf 82' lang='lat' dir='ltr'>aliunde3</span> <span class='ocrx_word' id='word_1_114' title='bbox 850 875 1004 927; x_wconf 90' lang='lat' dir='ltr'>quando</span> <span class='ocrx_word' id='word_1_115' title='bbox 1027 876 1145 914; x_wconf 92' lang='lat' dir='ltr'>finem</span> <span class='ocrx_word' id='word_1_116' title='bbox 1165 876 1235 914; x_wconf 90' lang='lat' dir='ltr'>ha-</span> 
     </span>
     <span class='ocr_line' id='line_1_15' title="bbox 105 930 1235 978; baseline 0.001 -10"><span class='ocrx_word' id='word_1_117' title='bbox 105 930 173 968; x_wconf 92' lang='lat' dir='ltr'>bet</span> <span class='ocrx_word' id='word_1_118' title='bbox 191 933 333 978; x_wconf 62' lang='lat' dir='ltr'>motus,</span> <span class='ocrx_word' id='word_1_119' title='bbox 354 930 508 968; x_wconf 84' lang='lat' dir='ltr'>vivendi</span> <span class='ocrx_word' id='word_1_120' title='bbox 526 930 644 968; x_wconf 90' lang='lat' dir='ltr'>finem</span> <span class='ocrx_word' id='word_1_121' title='bbox 662 931 816 978; x_wconf 88' lang='lat' dir='ltr'>habeat,</span> <span class='ocrx_word' id='word_1_122' title='bbox 832 942 981 968; x_wconf 87' lang='lat' dir='ltr'>necesse</span> <span class='ocrx_word' id='word_1_123' title='bbox 1001 938 1066 968; x_wconf 86' lang='lat' dir='ltr'>est.</span> <span class='ocrx_word' id='word_1_124' title='bbox 1097 931 1235 969; x_wconf 84' lang='lat' dir='ltr'>Solum</span> 
     </span>
     <span class='ocr_line' id='line_1_16' title="bbox 105 984 1235 1036; baseline 0.001 -14"><span class='ocrx_word' id='word_1_125' title='bbox 105 984 238 1035; x_wconf 85' lang='lat' dir='ltr'>igitur,</span> <span class='ocrx_word' id='word_1_126' title='bbox 259 984 364 1036; x_wconf 86' lang='lat' dir='ltr'>quod</span> <span class='ocrx_word' id='word_1_127' title='bbox 396 998 475 1023; x_wconf 91' lang='lat' dir='ltr'>sese</span> <span class='ocrx_word' id='word_1_128' title='bbox 500 997 590 1022; x_wconf 84' lang='lat' dir='ltr'>mov</span> <span class='ocrx_word' id='word_1_129' title='bbox 593 992 643 1032; x_wconf 90' lang='lat' dir='ltr'>et,</span> <span class='ocrx_word' id='word_1_130' title='bbox 665 984 756 1036; x_wconf 88' lang='lat' dir='ltr'>quia</span> <span class='ocrx_word' id='word_1_131' title='bbox 785 996 988 1036; x_wconf 89' lang='lat' dir='ltr'>nunquam</span> <span class='ocrx_word' id='word_1_132' title='bbox 1007 984 1193 1023; x_wconf 85' lang='lat' dir='ltr'>deseritur</span> <span class='ocrx_word' id='word_1_133' title='bbox 1211 999 1235 1023; x_wconf 88' lang='lat' dir='ltr'>a</span> 
     </span>
     <span class='ocr_line' id='line_1_17' title="bbox 103 1038 1235 1100; baseline 0.001 -23"><span class='ocrx_word' id='word_1_134' title='bbox 103 1052 158 1087; x_wconf 90' lang='lat' dir='ltr'>se,</span> <span class='ocrx_word' id='word_1_135' title='bbox 179 1051 383 1091; x_wconf 89' lang='lat' dir='ltr'>nunquam</span> <span class='ocrx_word' id='word_1_136' title='bbox 401 1051 450 1077; x_wconf 92' lang='lat' dir='ltr'>ne</span> <span class='ocrx_word' id='word_1_137' title='bbox 468 1039 614 1077; x_wconf 89' lang='lat' dir='ltr'>moveri</span> <span class='ocrx_word' id='word_1_138' title='bbox 632 1038 791 1091; x_wconf 88' lang='lat' dir='ltr'>quidem</span> <span class='ocrx_word' id='word_1_139' title='bbox 805 1039 967 1078; x_wconf 87' lang='lat' dir='ltr'>desinit.</span> <span class='ocrx_word' id='word_1_140' title='bbox 999 1039 1094 1100; x_wconf 81' lang='lat' dir='ltr'>quin</span> <span class='ocrx_word' id='word_1_141' title='bbox 1117 1040 1235 1078; x_wconf 88' lang='lat' dir='ltr'>etiam</span> 
     </span>
     <span class='ocr_line' id='line_1_18' title="bbox 104 1093 1234 1146; baseline 0.001 -14"><span class='ocrx_word' id='word_1_142' title='bbox 104 1094 264 1141; x_wconf 86' lang='lat' dir='ltr'>caeteris,</span> <span class='ocrx_word' id='word_1_143' title='bbox 293 1107 381 1146; x_wconf 87' lang='lat' dir='ltr'>quae</span> <span class='ocrx_word' id='word_1_144' title='bbox 399 1101 616 1140; x_wconf 88' lang='lat' dir='ltr'>moventur,</span> <span class='ocrx_word' id='word_1_145' title='bbox 637 1093 700 1132; x_wconf 90' lang='lat' dir='ltr'>hic</span> <span class='ocrx_word' id='word_1_146' title='bbox 718 1093 818 1141; x_wconf 85' lang='lat' dir='ltr'>fons,</span> <span class='ocrx_word' id='word_1_147' title='bbox 838 1093 910 1132; x_wconf 92' lang='grc'><strong>1100</strong></span> <span class='ocrx_word' id='word_1_148' title='bbox 928 1094 1161 1145; x_wconf 83' lang='lat' dir='ltr'>principium</span> <span class='ocrx_word' id='word_1_149' title='bbox 1177 1103 1234 1133; x_wconf 81' lang='lat' dir='ltr'>est</span> 
     </span>
     <span class='ocr_line' id='line_1_19' title="bbox 105 1147 1235 1200; baseline 0.001 -14"><span class='ocrx_word' id='word_1_150' title='bbox 105 1147 299 1186; x_wconf 84' lang='lat' dir='ltr'>movendi.</span> <span class='ocrx_word' id='word_1_151' title='bbox 337 1148 534 1199; x_wconf 85' lang='lat' dir='ltr'>Principio</span> <span class='ocrx_word' id='word_1_152' title='bbox 551 1155 682 1186; x_wconf 91' lang='lat' dir='ltr'>autem</span> <span class='ocrx_word' id='word_1_153' title='bbox 701 1149 811 1186; x_wconf 88' lang='lat' dir='ltr'>nulla</span> <span class='ocrx_word' id='word_1_154' title='bbox 829 1156 886 1186; x_wconf 86' lang='lat' dir='ltr'>est</span> <span class='ocrx_word' id='word_1_155' title='bbox 912 1148 1042 1200; x_wconf 89' lang='grc'><strong>01130.</strong></span> <span class='ocrx_word' id='word_1_156' title='bbox 1073 1161 1166 1186; x_wconf 83' lang='grc'><strong>113111</strong></span> <span class='ocrx_word' id='word_1_157' title='bbox 1186 1161 1235 1187; x_wconf 84' lang='lat' dir='ltr'>ex</span> 
     </span>
     <span class='ocr_line' id='line_1_20' title="bbox 103 1202 1234 1255; baseline 0 -15"><span class='ocrx_word' id='word_1_158' title='bbox 103 1202 294 1255; x_wconf 85' lang='lat' dir='ltr'>principio</span> <span class='ocrx_word' id='word_1_159' title='bbox 316 1202 493 1241; x_wconf 85' lang='lat' dir='ltr'>oriuntur</span> <span class='ocrx_word' id='word_1_160' title='bbox 511 1203 667 1248; x_wconf 66' lang='lat' dir='ltr'>omnia,</span> <span class='ocrx_word' id='word_1_161' title='bbox 697 1203 826 1254; x_wconf 91' lang='lat' dir='ltr'>ipsum</span> <span class='ocrx_word' id='word_1_162' title='bbox 847 1210 977 1241; x_wconf 87' lang='lat' dir='ltr'>autem</span> <span class='ocrx_word' id='word_1_163' title='bbox 992 1203 1102 1241; x_wconf 87' lang='lat' dir='ltr'>nulla</span> <span class='ocrx_word' id='word_1_164' title='bbox 1125 1216 1173 1241; x_wconf 81' lang='lat' dir='ltr'>ex</span> <span class='ocrx_word' id='word_1_165' title='bbox 1192 1216 1234 1241; x_wconf 90' lang='lat' dir='ltr'>re</span> 
     </span>
     <span class='ocr_line' id='line_1_21' title="bbox 104 1257 1232 1309; baseline 0 -14"><span class='ocrx_word' id='word_1_166' title='bbox 104 1257 182 1295; x_wconf 86' lang='grc'><strong>3113</strong></span> <span class='ocrx_word' id='word_1_167' title='bbox 194 1257 298 1296; x_wconf 86' lang='lat' dir='ltr'>nasci</span> <span class='ocrx_word' id='word_1_168' title='bbox 315 1265 466 1309; x_wconf 87' lang='lat' dir='ltr'>potest:</span> <span class='ocrx_word' id='word_1_169' title='bbox 497 1269 567 1295; x_wconf 91' lang='lat' dir='ltr'>nec</span> <span class='ocrx_word' id='word_1_170' title='bbox 586 1270 689 1295; x_wconf 86' lang='lat' dir='ltr'>emm</span> <span class='ocrx_word' id='word_1_171' title='bbox 702 1257 742 1294; x_wconf 92' lang='lat' dir='ltr'>id</span> <span class='ocrx_word' id='word_1_172' title='bbox 755 1264 850 1295; x_wconf 88' lang='lat' dir='ltr'>esset</span> <span class='ocrx_word' id='word_1_173' title='bbox 863 1257 1112 1308; x_wconf 81' lang='lat' dir='ltr'>principium,</span> <span class='ocrx_word' id='word_1_174' title='bbox 1126 1257 1232 1309; x_wconf 89' lang='lat' dir='ltr'>quod</span> 
     </span>
     <span class='ocr_line' id='line_1_22' title="bbox 102 1311 1232 1374; baseline 0 -24"><span class='ocrx_word' id='word_1_175' title='bbox 102 1311 324 1363; x_wconf 87' lang='lat' dir='ltr'>gigneretur</span> <span class='ocrx_word' id='word_1_176' title='bbox 343 1311 510 1350; x_wconf 86' lang='lat' dir='ltr'>aliunde.</span> <span class='ocrx_word' id='word_1_177' title='bbox 540 1311 660 1359; x_wconf 88' lang='lat' dir='ltr'>Quod</span> <span class='ocrx_word' id='word_1_178' title='bbox 678 1312 710 1350; x_wconf 92' lang='lat' dir='ltr'>si</span> <span class='ocrx_word' id='word_1_179' title='bbox 724 1324 926 1374; x_wconf 84' lang='lat' dir='ltr'>nunquam</span> <span class='ocrx_word' id='word_1_180' title='bbox 946 1312 1080 1359; x_wconf 86' lang='lat' dir='ltr'>oritur,</span> <span class='ocrx_word' id='word_1_181' title='bbox 1101 1325 1150 1350; x_wconf 94' lang='lat' dir='ltr'>ne</span> <span class='ocrx_word' id='word_1_182' title='bbox 1168 1325 1232 1350; x_wconf 90' lang='lat' dir='ltr'>oc-</span> 
     </span>
     <span class='ocr_line' id='line_1_23' title="bbox 101 1366 1233 1418; baseline -0.001 -13"><span class='ocrx_word' id='word_1_183' title='bbox 101 1366 196 1405; x_wconf 82' lang='lat' dir='ltr'>cidit</span> <span class='ocrx_word' id='word_1_184' title='bbox 220 1366 380 1418; x_wconf 88' lang='lat' dir='ltr'>quidem</span> <span class='ocrx_word' id='word_1_185' title='bbox 405 1379 605 1418; x_wconf 86' lang='lat' dir='ltr'>unquam:</span> <span class='ocrx_word' id='word_1_186' title='bbox 635 1379 727 1404; x_wconf 86' lang='lat' dir='ltr'>nam</span> <span class='ocrx_word' id='word_1_187' title='bbox 746 1366 981 1418; x_wconf 89' lang='lat' dir='ltr'>principium</span> <span class='ocrx_word' id='word_1_188' title='bbox 1000 1367 1233 1404; x_wconf 79' lang='lat' dir='ltr'>exstinctum</span> 
     </span>
     <span class='ocr_line' id='line_1_24' title="bbox 100 1420 1233 1472; baseline -0.001 -13"><span class='ocrx_word' id='word_1_189' title='bbox 100 1433 172 1459; x_wconf 89' lang='lat' dir='ltr'>nec</span> <span class='ocrx_word' id='word_1_190' title='bbox 190 1421 320 1472; x_wconf 89' lang='lat' dir='ltr'>ipsum</span> <span class='ocrx_word' id='word_1_191' title='bbox 345 1422 393 1459; x_wconf 87' lang='lat' dir='ltr'>ab</span> <span class='ocrx_word' id='word_1_192' title='bbox 424 1421 500 1459; x_wconf 82' lang='lat' dir='ltr'>alio</span> <span class='ocrx_word' id='word_1_193' title='bbox 524 1429 754 1469; x_wconf 82' lang='lat' dir='ltr'>renascetur,</span> <span class='ocrx_word' id='word_1_194' title='bbox 781 1433 851 1458; x_wconf 88' lang='lat' dir='ltr'>nec</span> <span class='ocrx_word' id='word_1_195' title='bbox 877 1435 926 1459; x_wconf 81' lang='lat' dir='ltr'>ex</span> <span class='ocrx_word' id='word_1_196' title='bbox 944 1434 983 1459; x_wconf 87' lang='lat' dir='ltr'>se</span> <span class='ocrx_word' id='word_1_197' title='bbox 1003 1420 1110 1458; x_wconf 84' lang='lat' dir='ltr'>aliud</span> <span class='ocrx_word' id='word_1_198' title='bbox 1129 1434 1233 1458; x_wconf 85' lang='grc'><strong>0103-</strong></span> 
     </span>
     <span class='ocr_line' id='line_1_25' title="bbox 100 1474 1230 1526; baseline -0.001 -13"><span class='ocrx_word' id='word_1_199' title='bbox 100 1475 183 1513; x_wconf 80' lang='lat' dir='ltr'>bit:</span> <span class='ocrx_word' id='word_1_200' title='bbox 215 1475 407 1526; x_wconf 88' lang='lat' dir='ltr'>siquidem</span> <span class='ocrx_word' id='word_1_201' title='bbox 438 1487 588 1513; x_wconf 83' lang='lat' dir='ltr'>necesse</span> <span class='ocrx_word' id='word_1_202' title='bbox 620 1482 677 1513; x_wconf 88' lang='lat' dir='ltr'>est</span> <span class='ocrx_word' id='word_1_203' title='bbox 707 1489 730 1512; x_wconf 88' lang='grc'><strong>3</strong></span> <span class='ocrx_word' id='word_1_204' title='bbox 761 1474 949 1526; x_wconf 87' lang='lat' dir='ltr'>principio</span> <span class='ocrx_word' id='word_1_205' title='bbox 974 1475 1065 1512; x_wconf 86' lang='lat' dir='ltr'>oriri</span> <span class='ocrx_word' id='word_1_206' title='bbox 1087 1475 1230 1512; x_wconf 82' lang='lat' dir='ltr'>omnia.</span> 
     </span>
     <span class='ocr_line' id='line_1_26' title="bbox 101 1528 1232 1590; baseline -0.002 -22"><span class='ocrx_word' id='word_1_207' title='bbox 101 1530 166 1568; x_wconf 85' lang='lat' dir='ltr'>Ita</span> <span class='ocrx_word' id='word_1_208' title='bbox 180 1529 238 1576; x_wconf 90' lang='lat' dir='ltr'>fit,</span> <span class='ocrx_word' id='word_1_209' title='bbox 259 1537 303 1567; x_wconf 92' lang='lat' dir='ltr'>ut</span> <span class='ocrx_word' id='word_1_210' title='bbox 322 1531 449 1567; x_wconf 87' lang='lat' dir='ltr'>motus</span> <span class='ocrx_word' id='word_1_211' title='bbox 473 1529 708 1580; x_wconf 86' lang='lat' dir='ltr'>principium</span> <span class='ocrx_word' id='word_1_212' title='bbox 727 1542 776 1567; x_wconf 76' lang='lat' dir='ltr'>ex</span> <span class='ocrx_word' id='word_1_213' title='bbox 796 1541 840 1566; x_wconf 91' lang='lat' dir='ltr'>eo</span> <span class='ocrx_word' id='word_1_214' title='bbox 862 1529 911 1566; x_wconf 81' lang='lat' dir='ltr'>sit</span> <span class='ocrx_word' id='word_1_215' title='bbox 937 1528 1070 1580; x_wconf 89' lang='lat' dir='ltr'>quod</span> <span class='ocrx_word' id='word_1_216' title='bbox 1060 1542 1189 1590; x_wconf 76' lang='lat' dir='ltr'>ipsum</span> <span class='ocrx_word' id='word_1_217' title='bbox 1208 1543 1232 1566; x_wconf 87' lang='lat' dir='ltr'>a</span> 
     </span>
     <span class='ocr_line' id='line_1_27' title="bbox 100 1582 1228 1634; baseline -0.003 -11"><span class='ocrx_word' id='word_1_218' title='bbox 100 1597 141 1623; x_wconf 88' lang='lat' dir='ltr'>se</span> <span class='ocrx_word' id='word_1_219' title='bbox 159 1591 336 1622; x_wconf 88' lang='lat' dir='ltr'>movetur</span> <span class='ocrx_word' id='word_1_220' title='bbox 363 1583 421 1627; x_wconf 80' lang='lat' dir='ltr'>(id</span> <span class='ocrx_word' id='word_1_221' title='bbox 445 1591 576 1621; x_wconf 88' lang='lat' dir='ltr'>autem</span> <span class='ocrx_word' id='word_1_222' title='bbox 604 1596 673 1621; x_wconf 86' lang='lat' dir='ltr'>nec</span> <span class='ocrx_word' id='word_1_223' title='bbox 698 1582 803 1621; x_wconf 82' lang='lat' dir='ltr'>nasci</span> <span class='ocrx_word' id='word_1_224' title='bbox 825 1590 962 1634; x_wconf 86' lang='lat' dir='ltr'>potest,</span> <span class='ocrx_word' id='word_1_225' title='bbox 989 1595 1060 1621; x_wconf 89' lang='lat' dir='ltr'>nec</span> <span class='ocrx_word' id='word_1_226' title='bbox 1085 1583 1228 1629; x_wconf 87' lang='lat' dir='ltr'>mori);</span> 
     </span>
     <span class='ocr_line' id='line_1_28' title="bbox 98 1637 1230 1688; baseline -0.003 -11"><span class='ocrx_word' id='word_1_227' title='bbox 98 1639 162 1677; x_wconf 90' lang='lat' dir='ltr'>vel</span> <span class='ocrx_word' id='word_1_228' title='bbox 181 1638 355 1677; x_wconf 87' lang='lat' dir='ltr'>concidat</span> <span class='ocrx_word' id='word_1_229' title='bbox 373 1650 487 1676; x_wconf 89' lang='lat' dir='ltr'>omne</span> <span class='ocrx_word' id='word_1_230' title='bbox 506 1638 660 1685; x_wconf 85' lang='lat' dir='ltr'>coelum,</span> <span class='ocrx_word' id='word_1_231' title='bbox 681 1637 884 1688; x_wconf 83' lang='lat' dir='ltr'>omnisque</span> <span class='ocrx_word' id='word_1_232' title='bbox 902 1645 1053 1686; x_wconf 84' lang='lat' dir='ltr'>natura,</span> <span class='ocrx_word' id='word_1_233' title='bbox 1084 1645 1121 1676; x_wconf 94' lang='lat' dir='ltr'>et</span> <span class='ocrx_word' id='word_1_234' title='bbox 1140 1649 1230 1676; x_wconf 85' lang='lat' dir='ltr'>con-</span> 
     </span>
     <span class='ocr_line' id='line_1_29' title="bbox 97 1691 1230 1744; baseline -0.003 -12"><span class='ocrx_word' id='word_1_235' title='bbox 97 1693 220 1741; x_wconf 83' lang='lat' dir='ltr'>sistat,</span> <span class='ocrx_word' id='word_1_236' title='bbox 241 1705 390 1731; x_wconf 86' lang='lat' dir='ltr'>necesse</span> <span class='ocrx_word' id='word_1_237' title='bbox 410 1699 479 1740; x_wconf 88' lang='lat' dir='ltr'>est,</span> <span class='ocrx_word' id='word_1_238' title='bbox 499 1705 569 1730; x_wconf 89' lang='lat' dir='ltr'>nec</span> <span class='ocrx_word' id='word_1_239' title='bbox 588 1693 668 1731; x_wconf 85' lang='lat' dir='ltr'>vim</span> <span class='ocrx_word' id='word_1_240' title='bbox 692 1692 816 1731; x_wconf 82' lang='lat' dir='ltr'>ullam</span> <span class='ocrx_word' id='word_1_241' title='bbox 834 1691 1088 1741; x_wconf 80' lang='lat' dir='ltr'>nanciscatur,</span> <span class='ocrx_word' id='word_1_242' title='bbox 1109 1691 1188 1744; x_wconf 57' lang='lat' dir='ltr'>qua</span> <span class='ocrx_word' id='word_1_243' title='bbox 1206 1705 1230 1729; x_wconf 88' lang='grc'>3</span> 
     </span>
     <span class='ocr_line' id='line_1_30' title="bbox 95 1747 642 1800; baseline -0.002 -14"><span class='ocrx_word' id='word_1_244' title='bbox 95 1747 225 1800; x_wconf 88' lang='lat' dir='ltr'>primo</span> <span class='ocrx_word' id='word_1_245' title='bbox 243 1748 413 1799; x_wconf 80' lang='lat' dir='ltr'>impulsa</span> <span class='ocrx_word' id='word_1_246' title='bbox 430 1754 642 1785; x_wconf 84' lang='lat' dir='ltr'>moveatur.</span> 
     </span>
    </p>

    <p class='ocr_par' dir='ltr' id='par_1_3' title="bbox 97 1801 1234 2293">
     <span class='ocr_line' id='line_1_31' title="bbox 154 1801 1229 1856; baseline 0.001 -15"><span class='ocrx_word' id='word_1_247' title='bbox 154 1802 232 1841; x_wconf 90' lang='lat' dir='ltr'>IX.</span> <span class='ocrx_word' id='word_1_248' title='bbox 274 1801 380 1840; x_wconf 92' lang='lat' dir='ltr'>Cum</span> <span class='ocrx_word' id='word_1_249' title='bbox 409 1809 538 1853; x_wconf 85' lang='lat' dir='ltr'>pateat</span> <span class='ocrx_word' id='word_1_250' title='bbox 562 1802 695 1853; x_wconf 85' lang='lat' dir='ltr'>igitur,</span> <span class='ocrx_word' id='word_1_251' title='bbox 725 1808 913 1840; x_wconf 85' lang='lat' dir='ltr'>aetemum</span> <span class='ocrx_word' id='word_1_252' title='bbox 940 1801 982 1839; x_wconf 90' lang='lat' dir='ltr'>id</span> <span class='ocrx_word' id='word_1_253' title='bbox 1013 1815 1092 1841; x_wconf 66' lang='lat' dir='ltr'>ffise</span> <span class='ocrx_word' id='word_1_254' title='bbox 1122 1804 1229 1856; x_wconf 90' lang='lat' dir='ltr'>quod</span> 
     </span>
     <span class='ocr_line' id='line_1_32' title="bbox 100 1856 1230 1908; baseline 0.001 -13"><span class='ocrx_word' id='word_1_255' title='bbox 100 1870 126 1895; x_wconf 86' lang='lat' dir='ltr'>a</span> <span class='ocrx_word' id='word_1_256' title='bbox 159 1870 199 1895; x_wconf 89' lang='lat' dir='ltr'>se</span> <span class='ocrx_word' id='word_1_257' title='bbox 234 1857 318 1908; x_wconf 87' lang='lat' dir='ltr'>ipso</span> <span class='ocrx_word' id='word_1_258' title='bbox 354 1863 568 1904; x_wconf 83' lang='lat' dir='ltr'>moveatur,</span> <span class='ocrx_word' id='word_1_259' title='bbox 597 1856 684 1908; x_wconf 85' lang='lat' dir='ltr'>quis</span> <span class='ocrx_word' id='word_1_260' title='bbox 713 1863 783 1903; x_wconf 84' lang='lat' dir='ltr'>est,</span> <span class='ocrx_word' id='word_1_261' title='bbox 816 1856 884 1907; x_wconf 88' lang='lat' dir='ltr'>qui</span> <span class='ocrx_word' id='word_1_262' title='bbox 913 1856 1013 1897; x_wconf 83' lang='lat' dir='ltr'>hanc</span> <span class='ocrx_word' id='word_1_263' title='bbox 1049 1865 1230 1896; x_wconf 88' lang='lat' dir='ltr'>naturam</span> 
     </span>
     <span class='ocr_line' id='line_1_33' title="bbox 99 1910 1230 1962; baseline 0.001 -12"><span class='ocrx_word' id='word_1_264' title='bbox 99 1911 242 1950; x_wconf 86' lang='lat' dir='ltr'>animis</span> <span class='ocrx_word' id='word_1_265' title='bbox 267 1924 346 1950; x_wconf 85' lang='lat' dir='ltr'>esse</span> <span class='ocrx_word' id='word_1_266' title='bbox 370 1910 557 1948; x_wconf 82' lang='lat' dir='ltr'>tributam</span> <span class='ocrx_word' id='word_1_267' title='bbox 582 1912 727 1962; x_wconf 82' lang='lat' dir='ltr'>neget?</span> <span class='ocrx_word' id='word_1_268' title='bbox 782 1910 1011 1948; x_wconf 86' lang='lat' dir='ltr'>Inanimum</span> <span class='ocrx_word' id='word_1_269' title='bbox 1037 1919 1094 1950; x_wconf 85' lang='lat' dir='ltr'>est</span> <span class='ocrx_word' id='word_1_270' title='bbox 1125 1913 1230 1951; x_wconf 89' lang='lat' dir='ltr'>enim</span> 
     </span>
     <span class='ocr_line' id='line_1_34' title="bbox 97 1965 1230 2017; baseline 0.002 -13"><span class='ocrx_word' id='word_1_271' title='bbox 97 1978 228 2013; x_wconf 90' lang='lat' dir='ltr'>omne,</span> <span class='ocrx_word' id='word_1_272' title='bbox 258 1965 365 2017; x_wconf 90' lang='lat' dir='ltr'>quod</span> <span class='ocrx_word' id='word_1_273' title='bbox 384 1965 501 2016; x_wconf 83' lang='lat' dir='ltr'>pulsu</span> <span class='ocrx_word' id='word_1_274' title='bbox 534 1965 702 2016; x_wconf 83' lang='lat' dir='ltr'>agitatur</span> <span class='ocrx_word' id='word_1_275' title='bbox 735 1973 919 2003; x_wconf 82' lang='lat' dir='ltr'>externo.</span> <span class='ocrx_word' id='word_1_276' title='bbox 961 1965 1067 2016; x_wconf 89' lang='lat' dir='ltr'>quod</span> <span class='ocrx_word' id='word_1_277' title='bbox 1097 1975 1230 2006; x_wconf 82' lang='lat' dir='ltr'>autem</span> 
     </span>
     <span class='ocr_line' id='line_1_35' title="bbox 100 1998 1230 2068; baseline 0.003 -10"><span class='ocrx_word' id='word_1_278' title='bbox 100 2020 249 2058; x_wconf 87' lang='lat' dir='ltr'>animal</span> <span class='ocrx_word' id='word_1_279' title='bbox 267 2027 338 2067; x_wconf 89' lang='lat' dir='ltr'>est,</span> <span class='ocrx_word' id='word_1_280' title='bbox 367 2011 408 2057; x_wconf 84' lang='lat' dir='ltr'>id</span> <span class='ocrx_word' id='word_1_281' title='bbox 435 2027 545 2058; x_wconf 78' lang='lat' dir='ltr'>motu</span> <span class='ocrx_word' id='word_1_282' title='bbox 558 1998 696 2057; x_wconf 59' lang='lat' dir='ltr'>”cietur</span> <span class='ocrx_word' id='word_1_283' title='bbox 727 2019 919 2068; x_wconf 85' lang='lat' dir='ltr'>interiore,</span> <span class='ocrx_word' id='word_1_284' title='bbox 944 2027 982 2057; x_wconf 88' lang='lat' dir='ltr'>et</span> <span class='ocrx_word' id='word_1_285' title='bbox 1011 2033 1106 2059; x_wconf 87' lang='lat' dir='ltr'>suo:</span> <span class='ocrx_word' id='word_1_286' title='bbox 1137 2034 1230 2061; x_wconf 86' lang='lat' dir='ltr'>nam</span> 
     </span>
     <span class='ocr_line' id='line_1_36' title="bbox 100 2073 1232 2125; baseline 0.002 -12"><span class='ocrx_word' id='word_1_287' title='bbox 100 2074 184 2113; x_wconf 89' lang='lat' dir='ltr'>haec</span> <span class='ocrx_word' id='word_1_288' title='bbox 206 2081 266 2113; x_wconf 88' lang='lat' dir='ltr'>est</span> <span class='ocrx_word' id='word_1_289' title='bbox 296 2082 436 2112; x_wconf 85' lang='lat' dir='ltr'>natura</span> <span class='ocrx_word' id='word_1_290' title='bbox 459 2073 614 2125; x_wconf 87' lang='lat' dir='ltr'>propria</span> <span class='ocrx_word' id='word_1_291' title='bbox 642 2073 777 2122; x_wconf 85' lang='lat' dir='ltr'>animi,</span> <span class='ocrx_word' id='word_1_292' title='bbox 808 2082 925 2125; x_wconf 88' lang='lat' dir='ltr'>atque</span> <span class='ocrx_word' id='word_1_293' title='bbox 950 2074 1018 2113; x_wconf 84' lang='lat' dir='ltr'>vis.</span> <span class='ocrx_word' id='word_1_294' title='bbox 1067 2075 1169 2123; x_wconf 89' lang='lat' dir='ltr'>Quae</span> <span class='ocrx_word' id='word_1_295' title='bbox 1198 2077 1232 2115; x_wconf 91' lang='lat' dir='ltr'>si</span> 
     </span>
     <span class='ocr_line' id='line_1_37' title="bbox 101 2128 1233 2181; baseline 0.002 -14"><span class='ocrx_word' id='word_1_296' title='bbox 101 2136 159 2167; x_wconf 68' lang='lat' dir='ltr'>oet</span> <span class='ocrx_word' id='word_1_297' title='bbox 183 2142 263 2167; x_wconf 86' lang='lat' dir='ltr'>una</span> <span class='ocrx_word' id='word_1_298' title='bbox 289 2142 338 2167; x_wconf 84' lang='lat' dir='ltr'>ex</span> <span class='ocrx_word' id='word_1_299' title='bbox 363 2128 559 2177; x_wconf 87' lang='lat' dir='ltr'>omnibus,</span> <span class='ocrx_word' id='word_1_300' title='bbox 579 2142 667 2180; x_wconf 85' lang='lat' dir='ltr'>quae</span> <span class='ocrx_word' id='word_1_301' title='bbox 692 2141 772 2166; x_wconf 88' lang='lat' dir='ltr'>sese</span> <span class='ocrx_word' id='word_1_302' title='bbox 796 2136 962 2177; x_wconf 88' lang='lat' dir='ltr'>moveat,</span> <span class='ocrx_word' id='word_1_303' title='bbox 990 2141 1118 2181; x_wconf 89' lang='lat' dir='ltr'>neque</span> <span class='ocrx_word' id='word_1_304' title='bbox 1141 2139 1233 2170; x_wconf 78' lang='lat' dir='ltr'>nata</span> 
     </span>
     <span class='ocr_line' id='line_1_38' title="bbox 100 2183 1233 2237; baseline 0.003 -16"><span class='ocrx_word' id='word_1_305' title='bbox 100 2189 160 2221; x_wconf 87' lang='lat' dir='ltr'>est</span> <span class='ocrx_word' id='word_1_306' title='bbox 191 2190 306 2230; x_wconf 83' lang='lat' dir='ltr'>certe,</span> <span class='ocrx_word' id='word_1_307' title='bbox 337 2190 374 2222; x_wconf 90' lang='lat' dir='ltr'>et</span> <span class='ocrx_word' id='word_1_308' title='bbox 399 2190 542 2221; x_wconf 84' lang='lat' dir='ltr'>aetema</span> <span class='ocrx_word' id='word_1_309' title='bbox 567 2191 633 2222; x_wconf 66' lang='lat' dir='ltr'>aet.</span> <span class='ocrx_word' id='word_1_310' title='bbox 678 2183 795 2222; x_wconf 89' lang='lat' dir='ltr'>Hanc</span> <span class='ocrx_word' id='word_1_311' title='bbox 824 2191 868 2221; x_wconf 82' lang='lat' dir='ltr'>tu</span> <span class='ocrx_word' id='word_1_312' title='bbox 894 2197 1027 2223; x_wconf 82' lang='lat' dir='ltr'>exerce</span> <span class='ocrx_word' id='word_1_313' title='bbox 1059 2184 1100 2222; x_wconf 93' lang='lat' dir='ltr'>in</span> <span class='ocrx_word' id='word_1_314' title='bbox 1132 2186 1233 2237; x_wconf 88' lang='lat' dir='ltr'>opti-</span> 
     </span>
     <span class='ocr_line' id='line_1_39' title="bbox 99 2237 1234 2293; baseline 0.002 -16"><span class='ocrx_word' id='word_1_315' title='bbox 99 2237 177 2277; x_wconf 79' lang='lat' dir='ltr'>mis</span> <span class='ocrx_word' id='word_1_316' title='bbox 204 2239 330 2278; x_wconf 80' lang='lat' dir='ltr'>rebus.</span> <span class='ocrx_word' id='word_1_317' title='bbox 370 2238 472 2279; x_wconf 82' lang='lat' dir='ltr'>Sunt</span> <span class='ocrx_word' id='word_1_318' title='bbox 489 2246 621 2277; x_wconf 85' lang='lat' dir='ltr'>autem</span> <span class='ocrx_word' id='word_1_319' title='bbox 646 2237 804 2290; x_wconf 85' lang='lat' dir='ltr'>optimae</span> <span class='ocrx_word' id='word_1_320' title='bbox 822 2251 937 2288; x_wconf 87' lang='lat' dir='ltr'>curae,</span> <span class='ocrx_word' id='word_1_321' title='bbox 958 2238 1007 2278; x_wconf 87' lang='lat' dir='ltr'>de</span> <span class='ocrx_word' id='word_1_322' title='bbox 1025 2239 1147 2279; x_wconf 86' lang='lat' dir='ltr'>salute</span> <span class='ocrx_word' id='word_1_323' title='bbox 1165 2254 1234 2293; x_wconf 88' lang='lat' dir='ltr'>pa-</span> 
     </span>
    </p>
   </div>
  </div>
 </body>
</html>
