1470 2402
259 61 343 101 382
522 63 602 104 DE
629 63 931 114 AMICITIA,
957 63 1065 109 CAP-
1087 64 1152 104 13.

258 169 392 210 silium
424 184 513 211 vero
541 172 633 213 dare
660 173 898 226 gaudeamus
926 173 1045 214 libere
1060 188 1072 212 τ
1099 171 1316 226 plurimum
1344 170 1388 210 in

258 225 430 265 amicitia
447 227 660 266 amicorum
679 230 776 267 bene
803 228 1048 267 suadentium
1074 228 1200 267 valeat
1222 225 1389 266 auctori-

259 285 342 318 tas:
374 293 495 333 eaque
513 289 551 321 et
573 282 801 322 adhibeatur
823 282 874 321 ad
897 282 1151 330 monendum,
1169 293 1248 320 non
1272 279 1390 319 modo

258 342 403 385 aperte,
422 336 490 374 sed
509 336 626 375 etiam
644 337 792 386 acriter,
812 337 845 376 si
869 350 929 376 res
952 337 1188 390 postulabit3
1214 342 1254 375 et
1276 333 1388 374 adhi»

262 388 353 427 bitae
371 399 561 441 pareatur.

315 443 424 482 Nam
442 445 690 496 quibusdam,
711 459 808 499 quos
827 445 942 485 audio
962 445 1151 498 sapientes
1172 442 1324 483 habitos
1344 442 1387 480 in

261 495 426 547 Graecia,
447 500 634 551 placuisse
651 501 787 552 opinor
804 500 996 539 mirabilia
1014 499 1194 552 quaedam
1216 497 1301 542 (sed
1325 497 1387 535 ni-

258 550 315 590 hil
330 561 399 600 est,
420 554 524 605 quod
542 555 600 593 illi
618 567 696 593 non
711 563 988 607 persequantur
999 553 1189 606 argutius)
1202 567 1214 591 ε
1243 551 1386 604 partim

258 605 462 657 fugiendas
481 621 560 647 esse
577 610 716 648 nimias
735 609 935 657 amicitias,
955 622 1004 648 ne
1021 621 1172 648 necesse
1195 608 1245 646 sit
1262 618 1388 644 unum

257 660 465 700 sollicitum
485 676 563 701 esse
582 676 652 715 pro
671 664 847 715 pluribus
863 678 874 702 ε
905 663 994 702 satis
1008 673 1384 715 superqueessesua„

258 726 346 752 rum
363 716 501 768 cuique
516 730 644 756 rerum
659 732 669 755 ε
701 718 834 756 alienis
849 718 963 756 nimis
974 716 1164 769 implican‘
1178 715 1386 754 molestum

257 781 365 807 oese:
396 771 608 811 commodis
630 773 637 779 '
684 785 754 811 um
779 785 873 821 esse,
900 785 1019 824 quam
1037 771 1252 810 laxissimas
1269 768 1388 809 habe-

256 834 326 862 nas
353 823 493 864 habere
521 827 728 874 amicitiae3
759 840 856 879 quas
874 827 935 865 vel
959 825 1140 874 adducas,
1160 837 1250 864 cum
1276 823 1385 871 velis,

256 877 319 916 vel
347 880 547 924 remittas:
576 888 692 933 caput
716 882 820 920 enim
850 894 929 920 esse
958 881 1008 919 ad
1030 881 1140 919 beate
1161 877 1384 925 vivendum,

256 933 498 973 securitatem
515 949 527 981 ς
550 937 628 988 quii
641 935 720 974 frui
731 948 810 974 non
822 935 941 989 possit
953 934 1122 984 animus,
1136 933 1169 972 si
1181 941 1384 984 tamquam

255 988 444 1038 parturiat
463 1002 564 1028 unus
582 1003 651 1042 pro
669 990 859 1042 pluribus.

310 1042 424 1081 Alios
439 1053 569 1083 autem
584 1045 707 1083 dicere
721 1045 830 1083 aiunt
848 1044 973 1083 multo
984 1043 1101 1082 etiam
1115 1039 1382 1089 inhumanius,

255 1096 391 1146 (quem
410 1097 539 1137 locum
559 1099 722 1137 breviter
740 1099 945 1151 perstrinxi
962 1098 1080 1150 paulo
1094 1104 1198 1143 ante)
1213 1095 1381 1148 presidii

254 1149 546 1204 adjumentique
571 1154 700 1201 causa,
731 1166 809 1192 non
834 1151 1108 1192 benevolentiae
1138 1163 1263 1202 neque
1280 1149 1378 1188 mi-

254 1203 358 1251 tatis,
375 1206 561 1246 amicitias
588 1221 667 1247 esse
693 1207 949 1259 expetendas:
979 1208 1124 1257 itaque,
1150 1214 1195 1244 ut
1218 1203 1383 1256 quisque

251 1257 465 1298 minimum
497 1261 688 1300 firmitatis
721 1262 874 1310 habeat,
907 1261 1195 1311 minimumque
1223 1258 1380 1306 virium,

252 1310 309 1350 ita
327 1314 512 1355 amicitias
530 1325 707 1368 appetere
725 1316 895 1355 maxime
911 1331 922 1354 ε
953 1329 1003 1355 ex
1025 1327 1070 1354 eo
1083 1314 1181 1362 fieri,
1201 1321 1246 1352 ut
1267 1312 1385 1351 muli-

255 1367 394 1406 erculae
419 1371 543 1422 magis
568 1370 824 1410 amicitiarum
850 1370 1027 1422 praesidia
1049 1375 1238 1420 quaerant,
1261 1379 1381 1419 quam

254 1433 327 1459 vm
342 1435 355 1467 ;
385 1430 423 1461 et
441 1424 586 1476 inopes,
601 1437 720 1477 quam
739 1425 937 1477 opulenti;
967 1433 1006 1464 et
1023 1422 1249 1471 mlamitod,
1262 1433 1381 1474 quam

247 1487 283 1513 u
300 1476 370 1527 qui
388 1486 571 1528 putentur
590 1479 702 1518 beati.

310 1529 348 1569 O
374 1533 597 1583 praeclaram
621 1534 847 1586 sapientiam
865 1534 875 1573 !
921 1533 1052 1573 Solem
1070 1531 1176 1571 enim
1193 1544 1216 1571 e
1232 1529 1381 1569 mundo

252 1584 386 1624 tollere
400 1586 592 1635 videntur,
609 1590 677 1640 qui
694 1588 904 1627 amititiam
923 1601 944 1627 e
963 1587 1043 1627 vita
1061 1587 1230 1630 tollunt;
1260 1585 1340 1638 qua
1357 1597 1381 1623 a

254 1637 344 1677 Diis
376 1640 658 1681 immortalibus
683 1643 780 1681 nihil
804 1643 944 1682 melius
969 1641 1170 1689 habemus,
1190 1639 1289 1679 nihil
1313 1640 1379 1689 ju-

252 1693 427 1733 cundius.
471 1695 573 1744 Quae
592 1705 647 1736 est
666 1697 768 1736 enim
792 1697 865 1736 ista
893 1696 1103 1736 securitas?
1143 1694 1267 1746 speeie
1291 1693 1380 1746 qui-

251 1746 357 1797 dem,
389 1750 545 1799 blanda,
588 1751 654 1790 sed
685 1765 817 1804 reapse
842 1752 976 1790 multis
1002 1750 1094 1789 locis
1124 1747 1374 1800 repudianda.

253 1800 396 1854 Neque
415 1804 518 1843 enim
538 1812 593 1844 est
607 1815 919 1854 consentaneum,
941 1805 1064 1844 ullam
1080 1803 1282 1842 honestam
1293 1814 1375 1840 rem

250 1856 500 1906 actionemve,
522 1871 569 1898 ne
588 1860 770 1899 sollicitus
795 1860 859 1907 sis,
887 1868 955 1898 aut
978 1871 1056 1898 non
1081 1857 1282 1909 suscipere,
1309 1864 1377 1895 aut

249 1920 465 1963 susceptam
483 1912 684 1965 deponere.
715 1915 834 1963 Quod
848 1914 879 1953 si
898 1926 1030 1954 curam
1047 1912 1235 1964 fugimus,
1255 1911 1377 1950 virtus

248 1962 433 2015 fugienda
452 1975 532 2012 est;
563 1981 663 2020 quae,
685 1981 834 2008 necesse
853 1976 923 2016 est,
943 1981 1033 2008 cum
1051 1967 1182 2018 aliqua
1196 1966 1302 2013 cura,
1315 1977 1373 2004 res

247 2017 321 2056 sibi
340 2021 544 2060 contrarias
563 2022 812 2074 adspernetur
835 2031 953 2075 atque
973 2022 1095 2061 oderit
1111 2034 1124 2066 ς
1154 2028 1198 2058 ut
1222 2020 1372 2058 bonitas

247 2073 451 2122 malitiam,
472 2077 724 2128 temperantia
734 2077 950 2125 libidinem,
970 2075 1164 2129 ignaviam
1175 2073 1371 2113 fortitudo.

248 2125 390 2179 Itaque
418 2129 546 2168 videas
572 2133 686 2170 rebus
713 2131 866 2181 injustis
883 2132 1007 2181 justos
1030 2129 1201 2169 maxime
1227 2128 1368 2176 dolere,

241 2179 504 2223 imbecillibus
535 2184 666 2235 fortes,
692 2186 888 2238 flagitiosis
917 2185 1121 2225 modestos·
1159 2183 1267 2235 Ergo
1297 2182 1371 2223 hoc
