1470 2402
410 143 782 185 PARADOXON
813 143 847 182 Ι.
1115 142 1194 180 405

69 263 192 292 11115116
214 261 341 305 gratas
360 252 448 293 Diis
466 254 750 292 immortalibus
774 251 972 304 capedines
997 263 1042 290 ac
1064 250 1199 289 fictiles

69 308 229 346 urnulas
246 308 377 356 fuisse,
394 322 512 360 quam
531 308 689 347 filicatas
701 308 864 346 aliorum
875 314 1024 358 pateras
1036 306 1196 344 arbitra-

69 365 190 401 mur?
220 362 373 402 Omitto
390 364 582 415 reliquos:
614 370 704 401 sunt
728 362 831 400 enim
850 374 982 400 omnes
1011 373 1119 421 pares
1137 359 1197 397 in-

68 423 127 454 ter
156 430 209 464 se,
239 426 377 468 praeter
405 419 637 480 Superbum.
685 417 856 454 Brutum
885 416 917 454 si
953 415 1039 466 quis
1072 422 1193 465 roget,

70 470 166 521 quid
185 471 302 522 egerit
319 472 360 509 in
379 472 504 533 patria
526 471 749 517 liberanda3
772 470 803 509 si
818 470 904 521 quis
923 469 1014 507 item
1030 469 1197 520 reliquos

68 524 240 585 ejusdem
260 525 407 564 consilii
420 526 552 573 socios,
573 526 668 586 quid
680 525 944 576 spectaverint,
965 523 1059 575 quid
1080 521 1199 561 secuti

69 577 175 624 sint;
205 591 302 617 num
314 580 400 631 quis
413 580 580 627 exsistet,
595 580 656 618 cui
675 580 865 630 voluptas,
882 578 944 616 cui
962 578 1119 625 divitiae,
1137 577 1200 615 cui

67 631 249 684 denique,
268 642 406 685 praeter
428 634 597 672 officium
619 634 727 672 fortis
753 642 789 672 et
813 633 947 683 magni
973 631 1060 679 viri,
1081 631 1195 683 quid-

68 699 190 738 quam
208 687 313 726 aliud
327 689 567 740 propositum
585 687 702 727 fuisse
721 688 894 726 videatur
912 690 928 725 .9
959 686 1061 734 Quae
1075 700 1132 724 res
1145 686 1196 724 ad

67 753 201 779 necem
223 742 402 781 Porsenae
429 742 474 781 C.
506 743 690 782 Mucium
720 742 890 794 impulit,
913 741 992 779 sine
1020 741 1102 778 ulla
1133 753 1200 792 spe

67 795 202 834 salutis
233 810 337 836 suae.
328 799 345 825 9
388 797 490 845 Quae
518 797 574 835 115
601 797 786 836 Coclitem
806 805 935 834 contra
955 808 1086 834 omnes
1104 795 1194 833 hos-

67 849 168 888 tium
180 851 307 902 copias
326 852 449 889 tenuit
468 852 508 889 in
527 860 643 902 ponte
662 851 818 890 50111111.
847 864 934 902 quae
953 858 1101 911 patrem
1113 848 1196 888 De-

66 903 186 954 6111111,
204 918 291 956 quae
309 905 449 967 filium,
471 906 676 953 devotavit,
693 914 808 967 atque
822 905 984 942 immisit
1009 904 1049 942 in
1069 916 1196 942 arma·

67 964 125 996 tas
144 958 313 997 hostium
333 960 485 1011 copias.
477 962 493 987 9
538 961 646 1008 Quid
673 959 906 999 continentia
937 959 982 998 C.
1011 958 1194 1006 Fabricii,

64 1012 162 1064 quid
194 1013 357 1052 tenuitas
385 1014 504 1053 victus
531 1014 593 1052 Μ’
628 1015 751 1062 Curii,
785 1015 1045 1066 sequebatur?
1085 1012 1196 1061 Quid

67 1066 146 1105 duo
160 1070 450 1119 propugnacula
463 1069 556 1109 belli
576 1069 730 1117 Punici,
757 1069 829 1109 Cn.
858 1076 895 1106 et
914 1068 960 1105 P.
983 1067 1194 1118 Scipiones,

66 1121 136 1173 qui
156 1121 531 1174 Carthaginiensium
551 1123 760 1162 adventum
781 1122 1001 1174 corporibus
1028 1121 1107 1160 suis
1134 1121 1195 1159 in-

64 1176 359 1214 tercludendum
377 1186 610 1230 putaverunt
627 1181 644 1217 .9
686 1178 782 1229 quid
799 1177 1009 1216 Africanus
1034 1177 1160 1225 major
1174 1177 1193 1214 Ρ

63 1230 161 1282 quid
189 1231 342 1270 minor.
332 1233 350 1257 9
390 1232 485 1284 quid
516 1232 614 1271 inter
646 1232 786 1270 horum
817 1239 945 1270 aetates
974 1231 1196 1279 interjectus

66 1284 188 1324 Cato.
179 1287 196 1312 9
237 1285 332 1337 quid
364 1286 661 1325 innumerabiles
695 1286 786 1324 alii.
777 1288 794 1313 9
836 1290 945 1330 (113111
977 1284 1194 1323 domesticis

65 1338 253 1390 exemplis
285 1341 560 1389 abundamus.)
616 1341 814 1392 Cogitasse
845 1347 1045 1391 putamus,
1079 1338 1194 1390 quid-

65 1406 185 1444 quam
203 1394 244 1431 in
270 1394 350 1432 vita
375 1395 447 1433 sibi
472 1395 745 1447 expetendum,
775 1395 850 1433 11151
869 1394 974 1446 quod
995 1392 1191 1432 laudabile

62 1459 143 1486 esse
161 1455 199 1486 et
212 1448 439 1511 praeclarum
458 1450 683 1489 videretur?

124 1501 208 1539 III.
238 1502 409 1541 Veniant
426 1504 545 1554 igitur
558 1504 621 1542 isti
639 1504 805 1543 irrisores
823 1504 940 1554 hujus
952 1502 1133 1542 orationis
1151 1515 1196 1541 36

66 1556 263 1594 sententiae
279 1571 290 1594 z
321 1565 359 1595 et
374 1558 457 1606 jam
476 1558 538 1596 vel
550 1558 624 1609 ipsi
639 1558 826 1608 judicent,
839 1567 972 1596 utrum
993 1571 1032 1595 se
1050 1557 1192 1595 horum

64 1610 242 1660 alicujus,
263 1611 332 1662 qui
349 1613 572 1650 marmoreis
592 1612 712 1661 tectis,
734 1614 845 1650 ebore
865 1620 902 1651 et
920 1625 1013 1650 auro
1038 1611 1195 1662 fulgen-

64 1664 183 1712 tibus,
203 1665 272 1716 qui
290 1665 421 1716 signis,
442 1666 510 1717 qui
529 1667 684 1713 tabulis,
704 1666 773 1718 qui
792 1667 923 1705 caelato
942 1679 1035 1704 auro
1066 1674 1103 1703 et
1133 1678 1194 1702 ar-

63 1726 193 1769 gento,
215 1719 283 1771 qui
302 1719 510 1758 Corinthiis
528 1721 719 1772 operibus,
744 1721 957 1767 abundant,
979 1732 1028 1758 311
1049 1719 1094 1757 C.
1115 1719 1193 1757 Fa-

64 1773 188 1821 bricii,
220 1773 289 1825 qui
311 1774 411 1812 nihil
435 1787 567 1812 eorum
591 1775 741 1823 habuit,
768 1775 866 1813 nihil
889 1775 1030 1813 habere
1052 1773 1190 1822 voluit,

64 1827 207 1865 similes
226 1840 305 1866 esse
322 1829 472 1867 malint.
518 1829 654 1881 Atque
672 1829 754 1868 haec
773 1829 946 1881 quidem,
967 1841 1055 1881 quae
1073 1827 1190 1866 modo

63 1880 156 1926 11116,
182 1881 299 1920 1110ᾱο
317 1883 410 1921 111116
427 1883 724 1931 transferuntur,
750 1884 861 1923 facile
891 1883 1068 1921 adducie
1052 1882 1189 1931 solent,

63 1942 111 1973 ut
135 1935 177 1973 in
195 1937 308 1974 rebus
327 1937 436 1975 bonis
455 1951 533 1976 esse
551 1946 714 1989 negent·
745 1939 844 1976 illud
861 1946 991 1976 tamen
1011 1944 1112 1975 arcte
1131 1944 1188 1975 te-

62 1997 170 2038 nent,
200 1998 448 2043 accurateque
472 1991 698 2040 defendunt,
725 1993 962 2044 voluptatem
986 2005 1064 2030 esse
1083 2004 1190 2029 sum-

61 2055 175 2081 mum
193 2046 341 2083 bonum
357 2059 367 2083 ε
399 2059 486 2098 quae
505 2046 662 2098 quidem
677 2047 775 2084 mihi
787 2060 861 2085 vox
875 2046 1069 2098 pecudum
1084 2045 1190 2084 vide-

0 2093 1 2108 *
60 2104 126 2136 tur
143 2111 236 2146 esse,
262 2111 338 2137 non
364 2099 580 2138 hominum.
625 2101 707 2149 Tu,
738 2114 828 2139 cum
859 2101 930 2140 tibi
955 2101 1032 2138 sive
1062 2099 1188 2147 Deus,

58 2151 138 2190 sive
166 2159 290 2191 mater
315 2156 376 2196 (ut
397 2154 453 2193 ita
483 2154 627 2203 dicam)
655 2169 786 2194 rerum
813 2155 1004 2202 omnium,
1032 2162 1186 2202 natura,

57 2204 206 2244 dederit
222 2207 413 2257 animum,
434 2222 512 2261 quo
526 2210 625 2249 nihil
650 2218 706 2249 est
723 2210 966 2262 praaetantius
982 2221 1110 2260 neque
1128 2207 1188 2245 di-

56 2258 196 2311 vimus,
217 2261 270 2301 sic
288 2268 326 2300 te
343 2261 425 2315 ipse
443 2263 598 2314 abjicies
616 2272 733 2317 atque
764 2272 992 2317 prosternes,
1012 2271 1058 2302 ut
1087 2263 1186 2304 nihil
