1470 2402
199 95 251 134 10
296 93 376 134 DE
406 92 836 144 DIVINATIONE,
854 91 958 133 1111.
979 92 1017 132 1.
1036 91 1147 133 CAr.
1169 91 1235 131 1³»

310 204 381 254 Ni,
399 211 501 257 post,
532 203 770 257 [excelsum]
790 203 842 243 ad
867 203 1048 243 columen
1075 201 1247 242 formata
1270 198 1340 238 de-

422 271 509 298 oore

312 314 578 353 Sancta-Iovis
598 313 873 366 specioeclaros
892 318 1078 365 spectaret
1095 310 1137 350 in
1156 317 1292 349 ortus:

314 368 424 407 Tum
436 367 531 418 fore,
547 376 593 407 ut
609 369 777 408 occultos
790 368 959 421 populus
978 373 1211 418 sanctusque
1228 375 1344 404 sena-

430 430 493 462 tus

316 476 485 516 Cernere
503 485 662 517 conatus
680 485 820 530 posset,
841 477 888 526 si,
909 476 999 516 solis
1017 474 1067 514 ad
1085 481 1216 514 ortum

317 531 525 579 Conversa,
545 532 636 571 inde
653 540 810 584 patrum
829 531 936 571 sedes
954 529 1169 583 populique
1182 527 1341 567 videret.

321 586 433 633 Haec,
455 586 605 625 tardata
623 587 706 634 diu,
728 586 884 639 species,
904 585 1158 648 multumque
1168 589 1332 630 morata,

321 640 492 680 Consule
511 649 562 688 te,
584 641 742 680 tandem
761 641 862 680 celsa
880 648 938 680 est
954 640 995 678 in
1015 639 1105 678 sede
1121 638 1274 677 locata·

321 696 473 757 Atque,
494 709 573 734 una
593 695 661 734 fixi
681 709 725 735 ac
743 695 883 747 signati
901 694 1084 746 temporis
1102 692 1213 739 hora,

319 750 479 802 Jupiter
499 751 648 788 excelsa
667 751 837 788 clarabat
855 757 1003 801 sceptra
1020 746 1232 794 ωΙιιιιιιιίς

321 803 378 842 Et
396 804 522 842 clades
542 805 689 855 patriae,
713 804 875 842 flamma
894 803 1072 854 ferroque
1095 808 1243 854 parata,

323 858 497 897 Vocibus
515 859 781 910 Allobrogum
805 857 982 910 patribus
999 856 1223 909 populoque
1240 862 1351 908 pete-

436 914 514 951 bat.

214 967 342 1008 XIII
360 967 473 1006 Rite
463 968 581 1019 igitur
593 974 750 1015 veteres,
763 979 933 1020 quorum
946 965 1189 1005 monimenta
1201 963 1353 1013 metis,

324 1022 407 1071 Qui
426 1022 590 1084 populos
605 1024 796 1084 urbesque
810 1021 928 1061 modo
941 1033 985 1060 ac
999 1021 1142 1059 virtute
1153 1021 1354 1072 regebant,

329 1077 422 1116 Rite
441 1077 557 1116 etiam
578 1077 707 1124 vestri,
730 1089 898 1138 quorum
911 1075 1111 1138 pietasque
1126 1073 1299 1128 fidesque

331 1131 528 1179 Praaentit,
545 1139 582 1170 et
601 1132 715 1184 longe
735 1131 826 1169 vicit
844 1129 1033 1183 sapientia
1050 1136 1223 1180 muetos,

328 1185 527 1238 Praecipue
546 1186 697 1225 coluere
717 1185 862 1237 vigenti
880 1184 1043 1223 numine
1062 1183 1199 1224 Divos.

333 1240 433 1279 Haec
452 1240 547 1279 adeo
566 1241 720 1292 penitus
738 1253 832 1279 cura
850 1239 981 1278 videre
1000 1238 1143 1291 sagaci,

329 1295 426 1334 Otia
444 1296 513 1348 qui
533 1295 668 1334 studiis
687 1295 766 1333 laeti
784 1296 943 1333 tenuere
959 1293 1120 1342 decoris,

332 1350 460 1403 Inque
479 1349 694 1388 Academia
713 1348 941 1395 umbriferi,
961 1347 1163 1400 nitidoque
1181 1346 1327 1400 Lyceo,

330 1404 534 1443 Fuderunt
553 1405 672 1443 claras
691 1403 846 1443 fecundi
864 1403 1027 1456 pectoris
1045 1410 1156 1442 artes.

335 1458 372 1497 E
389 1460 532 1512 quibus
547 1468 723 1521 ereptum
743 1458 870 1512 primo
886 1459 971 1509 jam
989 1470 1013 1496 a
1032 1457 1125 1496 flore
1135 1457 1322 1508 juventae,

334 1514 397 1553 Te
416 1514 541 1566 patria
558 1514 598 1552 in
618 1513 748 1553 media
767 1513 959 1552 virtutum
977 1512 1081 1550 mole
1099 1511 1255 1551 locavit.

333 1568 401 1607 Tu
421 1576 551 1607 tamen
572 1568 764 1607 anxiferas
782 1580 894 1607 curas
911 1566 1083 1619 requiete
1102 1566 1268 1614 relaxas,

336 1623 457 1672 Quod
471 1623 606 1676 patriae
624 1623 727 1662 vocis
747 1622 884 1662 studiis
902 1622 1092 1674 nobisque
1111 1619 1315 1660 sacrasti.”

225 1732 293 1771 Tu
313 1731 431 1783 igitur
449 1731 625 1770 animum
640 1731 780 1783 poteris
799 1730 994 1779 inducere,
1015 1738 1148 1770 contr-a
1167 1744 1212 1770 ea
1230 1744 1320 1784 quae
1339 1744 1364 1769 a

229 1800 294 1826 me
311 1786 557 1839 disputantur
575 1785 624 1824 de
641 1785 890 1830 divinatione,
910 1785 1049 1834 dicere,
1065 1786 1134 1839 qui
1154 1793 1191 1825 et
1205 1785 1366 1848 gmeris

229 1855 276 1881 ea
294 1855 383 1893 quae
410 1841 572 1893 gessisti,
593 1849 631 1878 et
650 1854 708 1887 ea,
729 1855 817 1893 quae
835 1841 1096 1894 pronuntiavi,
1126 1839 1365 1880 accuratissi-

235 1908 301 1934 me
319 1895 543 1947 scripseris?
572 1895 681 1944 Quid
700 1896 856 1947 quaeris,
878 1895 1110 1942 Carneades,
1130 1908 1200 1934 cur
1216 1894 1299 1934 haec
1318 1893 1372 1933 ita

234 1951 345 1999 fiant,
365 1958 433 1988 aut
458 1964 538 2012 qua
563 1959 644 1988 arte
668 1950 797 2002 perfici
825 1950 1003 2003 possint?
1046 1950 1205 1989 Nescire
1230 1962 1295 1988 me
1314 1948 1372 1987 fa-

234 2013 339 2051 teor·
370 2005 520 2044 evenire
547 2012 693 2052 autem,
721 2013 759 2044 te
786 2005 916 2057 ipsum
948 2004 1034 2044 dieo
1066 2003 1206 2043 videre.
1250 2004 1371 2050 Casu,

238 2059 382 2112 inquis.
412 2059 525 2098 Itane
543 2062 663 2099 vero?
694 2059 924 2122 Quidquam
943 2067 1068 2114 potest
1086 2071 1176 2098 casu
1196 2072 1277 2098 esse
1294 2058 1375 2096 fac-

238 2123 339 2162 tum,
370 2113 476 2166 quod
506 2126 639 2153 omnes
666 2115 783 2154 habet
814 2115 854 2153 in
887 2127 926 2153 se
956 2127 1138 2153 numeros
1170 2112 1372 2152 veritatis?

241 2170 423 2216 Quatuor
452 2168 519 2206 tali
542 2169 634 2218 jacti
665 2183 753 2208 casu
787 2169 822 2207 V
827 2181 1008 2208 enereum
1037 2168 1220 2208 efficiunt.
1263 2167 1374 2206 Num

241 2223 360 2262 etiam
378 2230 535 2262 centum
555 2223 763 2273 Venereos,
785 2224 817 2263 si
836 2223 977 2264 CCCC
995 2222 1092 2264 talos
1117 2223 1267 2274 ieonis,
1288 2234 1377 2261 casu
