1470 2402
333 133 432 174 DE
460 132 760 185 AMICITIA,
783 133 889 174 CAP.
909 135 973 174 19.
1138 135 1219 180 389

96 240 162 280 Ita
178 241 223 280 fit
241 242 506 291 verum‘fflud‚
527 242 632 295 quod
649 243 759 282 initio
777 243 874 290 dixi,
901 241 1126 304 amicitiam,
1146 242 1223 282 nisi

97 295 198 334 inter
215 297 349 345 bonos,
363 310 442 335 esse
460 309 537 335 non
551 310 670 349 posse.
699 298 772 336 Est
787 297 890 336 enim
903 297 995 336 boni
1007 310 1078 335 vm
1090 300 1133 349 <
1133 310 1225 335 uem

100 350 281 389 eumdem
300 351 510 403 sapientem
537 352 626 390 licet
653 352 791 397 dicere)
819 352 902 390 haec
929 351 1006 390 duo
1029 360 1154 390 tenere
1181 351 1223 389 in

99 404 294 443 amicitia:
324 405 511 457 primum,
532 406 677 457 nequid
702 406 837 444 fictum
863 406 923 453 sit,
945 418 1040 444 neve
1067 405 1224 444 simula·

96 465 183 496 tum
202 462 347 510 (aperte
365 460 469 498 enim
480 459 542 498 vel
555 460 690 521 odisse,
707 460 830 511 magis
843 459 1001 511 ingenui
1016 467 1085 507 est,
1103 472 1223 511 quam

96 511 223 551 fronte
240 513 427 552 occultare
446 514 717 562 sententiam);
748 514 898 562 deinde,
924 526 1002 552 non
1027 514 1153 552 solum
1173 515 1223 551 ab

97 566 228 618 aliquo
247 567 380 606 allatas
400 568 680 606 criminationes
706 568 902 619 repellere,
930 567 996 606 sed
1021 580 1069 605 ne
1094 567 1224 619 ipsum

99 621 258 672 quidem
277 635 355 660 esse
374 622 638 674 suspiciosum,
661 636 808 674 semper
828 621 976 673 aliquid
1001 621 1225 660 existiman-

98 682 178 714 tem
196 677 245 714 ab
264 676 388 714 amico
407 689 485 715 esse
504 677 702 715 violatum.

150 729 323 770 Accedat
340 730 417 769 huc
435 731 600 769 suavitas
616 730 808 782 quaedam,
824 737 985 782 oportet,
999 742 1222 768 sermonum

97 790 214 835 atque
231 797 400 831 morum,
415 784 717 836 haudquaquam
731 784 920 823 mediocre
935 784 1224 823 condimentum

99 838 287 876 amicitiae.
329 838 504 877 Tristitia
533 848 677 886 autem,
706 847 744 878 et
770 839 811 876 in
837 838 944 877 omni
966 851 1006 876 re
1031 838 1223 886 severitas,

97 891 214 930 habet
241 893 308 930 illa
331 893 489 944 quidem
514 893 768 944 gravitatem:
800 893 865 931 sed
893 892 1063 931 amicitia
1090 892 1223 930 remis-

98 945 174 985 sior
193 960 272 985 esse
290 947 416 994 debet,
439 956 476 986 et
493 948 660 995 liberior,
682 955 719 986 et
744 947 904 995 dulcior,
933 955 970 986 et
998 945 1047 984 ad
1066 959 1223 985 omnem

101 1000 317 1039 comitatem
339 1001 638 1054 facilitatemque
657 1002 871 1053 proclivior.

152 1055 274 1093 XIX.
303 1055 467 1094 Exsistit
493 1064 623 1095 autem
646 1056 719 1095 hoc
743 1057 826 1094 loco
855 1054 1033 1108 quaedam
1062 1055 1222 1107 quaestio

97 1109 358 1148 subdifficilis:
390 1123 486 1148 num
513 1110 667 1162 quando
693 1110 806 1149 amici
830 1110 933 1158 novi,
961 1109 1068 1160 digni
1093 1109 1225 1147 amici-

97 1163 166 1211 tia,
190 1164 377 1203 veteribus
396 1165 472 1203 sint
491 1164 761 1216 anteponendi,
781 1172 826 1202 ut
841 1164 948 1216 equis
968 1163 1104 1202 vetulis
1120 1171 1225 1207 tene-

96 1231 157 1256 ros
176 1225 404 1270 anteponere
423 1220 587 1257 solemus
602 1221 619 1258 ?
650 1219 818 1270 Indigna
835 1218 992 1257 homine
1007 1217 1195 1256 dubitatio
1207 1232 1219 1255 :

98 1284 176 1310 non
210 1273 312 1311 enim
346 1273 600 1312 amicitiarum
634 1286 712 1312 esse
744 1273 898 1322 debent,
931 1273 1028 1311 sicut
1060 1272 1224 1311 aliarum

99 1339 243 1374 rerum,
273 1327 473 1366 satietates.
522 1328 741 1366 Veterrima
767 1340 930 1379 quaeque
959 1332 1019 1370 (ut
1048 1340 1091 1365 ea
1119 1326 1222 1374 vina,

98 1394 186 1432 quae
205 1389 433 1420 vetustatem
459 1382 608 1431 ferunt)
631 1395 708 1420 esse
728 1382 868 1420 debent
886 1381 1129 1420 suavissima:
1159 1394 1223 1419 ve-

96 1447 263 1488 rumque
281 1436 380 1474 illud
405 1443 474 1484 est,
495 1437 599 1487 quod
620 1436 773 1484 dicitur,
793 1436 936 1474 multos
962 1435 1109 1473 modios
1135 1435 1223 1473 salis

96 1489 213 1527 simul
231 1489 396 1528 edendos
414 1503 506 1538 esse,
523 1498 568 1529 ut
586 1490 763 1529 amicitiae
782 1503 926 1528 munus
945 1490 1141 1540 expletum
1161 1489 1222 1528 sit.

96 1543 300 1582 Novitates
317 1552 462 1591 autem,
489 1544 520 1582 51
546 1558 653 1596 spem
679 1544 856 1591 afferunt,
878 1550 935 1592 ut,
963 1551 1163 1594 tamquam
1180 1542 1223 1581 in

96 1596 225 1636 herbis
243 1610 320 1636 non
339 1597 553 1647 fallacibus,
574 1598 721 1636 fructus
736 1605 929 1649 appareat,
946 1609 1024 1635 non
1042 1605 1132 1635 sunt
1146 1596 1224 1635 illae

99 1651 258 1703 quidem
283 1652 554 1704 repudiandae:
586 1660 751 1691 vetustas
777 1660 906 1690 tamen
933 1664 1002 1689 suo
1026 1651 1109 1689 loco
1135 1663 1224 1689 con-¹

98 1706 285 1744 servanda
313 1713 382 1744 est.
424 1706 606 1745 Maxima
636 1714 692 1744 est
721 1706 824 1744 enim
853 1706 910 1744 vis
941 1704 1151 1752 vetustatis,
1186 1712 1224 1744 et

96 1760 405 1799 consuetudinis:
437 1768 495 1807 ut,
521 1761 562 1799 in
587 1761 670 1811 ipso
696 1773 809 1811 equo,
837 1761 946 1809 cujus
970 1759 1086 1798 modo
1111 1771 1223 1797 men-

94 1814 240 1853 tionem
258 1814 344 1862 feci,
364 1814 396 1853 si
414 1815 524 1853 nulla
541 1828 599 1853 res
617 1814 817 1866 impediat,
838 1826 951 1852 nemo
969 1820 1038 1860 est,
1056 1813 1125 1865 qui
1142 1825 1221 1852 non

95 1881 154 1917 eo,
175 1882 253 1920 quo
279 1869 487 1917 consuevit,
507 1869 690 1907 libentius
708 1876 852 1916 utatur,
875 1880 993 1920 quam
1017 1868 1220 1906 intractato

95 1930 134 1961 et
157 1935 282 1962 novo.
313 1935 382 1962 nec
400 1898 550 1962 modo
539 1936 581 1961 111
599 1923 685 1971 hoc,
706 1922 810 1975 qued
835 1931 890 1961 est
915 1921 1073 1969 animal,
1093 1921 1220 1960 sedin

91 1976 139 2015 iis
158 1977 273 2015 etiam
289 1991 376 2029 quae
387 1986 477 2016 sunt
487 1978 711 2025 inanimata,
725 1976 959 2016 consuetudo
971 1990 994 2014 v
996 1976 1096 2021 alet3
1127 1988 1219 2014 cum

91 2030 183 2070 locis
202 2032 318 2070 etiam
336 2031 428 2084 ipsis
443 2032 654 2070 montuosis
669 2032 900 2070 delectemur
915 2038 952 2070 et
967 2030 1217 2080 silvestribus,

90 2084 132 2122 in
152 2086 292 2137 quibus
311 2086 457 2124 diutius
474 2086 699 2126 commorati
717 2099 862 2125 sumus.

145 2139 222 2178 Sed
240 2140 459 2179 maximum
479 2148 535 2180 oet
553 2140 595 2179 in
621 2140 804 2190 amicitia,
825 2139 1058 2193 superiorem
1082 2151 1214 2190 parem

88 2206 168 2232 esse
185 2193 356 2233 inferiori
371 2209 382 2233 ε
413 2208 513 2247 saepe
532 2195 637 2234 enim
651 2195 884 2234 excellentiae
898 2193 1186 2247 quaedam¹sunt
1198 2206 1214 2239 ,ς

88 2247 214 2299 qualis
233 2255 314 2288 erat
331 2249 521 2302 Scipionis
539 2249 580 2289 in
599 2256 742 2292 nostro,
757 2252 819 2293 (ut
844 2249 899 2289 ita
923 2249 1067 2305 dicam)
1086 2260 1213 2300 grege,

763 2306 788 2341 2
810 2314 836 2342 L
858 2305 883 2342 3
