1470 2402
173 102 254 141 232
341 102 420 142 DE
448 101 714 153 OFFICIIS‚
744 102 844 142 Lm.
866 101 900 142 1.
931 101 1038 142 Cn.
1057 101 1124 141 28.

174 210 293 261 enim,
314 212 420 264 quod
438 212 583 262 deceat,
603 213 645 251 id
663 219 748 251 tum
774 218 945 265 apparet,
966 223 1057 250 cum
1082 217 1299 262 antegressa

174 274 231 304 est
247 266 436 306 honaetas.
478 268 618 319 Itaque
635 280 714 305 non
740 267 866 306 selum
883 266 925 304 in
943 265 1016 304 hac
1033 272 1142 317 parte
1159 264 1298 302 hones-

173 319 278 368 tatis,
297 320 345 359 de
364 322 443 373 quir
460 321 533 360 hoc
550 323 634 360 loco
652 321 915 360 disserendum
934 327 1005 368 aet,
1025 319 1092 358 sed
1116 318 1234 357 etiam
1255 317 1298 355 in

175 374 298 413 tribus
325 376 597 427 superioribus,
625 376 720 428 quid
743 375 888 424 deceat,
917 381 1086 426 apparet.
1127 373 1236 411 Nam
1261 378 1301 409 et

173 428 319 468 ratione
337 430 394 468 uti
413 439 528 482 atque
547 431 717 468 oratione
734 430 967 481 prudentem
995 437 1032 466 et
1050 439 1175 479 agere,
1195 425 1301 478 quod

174 495 281 533 agas,
302 484 560 530 considerate3
590 484 775 536 omnique
798 484 838 522 in
864 497 918 529 re,
939 482 1034 535 quid
1059 482 1108 520 sit
1128 480 1222 528 veri,
1242 479 1301 518 vi-

176 536 265 575 dere
284 546 321 576 et
339 540 438 576 tueri
458 538 589 577 decet=
620 546 827 589 contraque
845 537 942 586 falli,
963 549 1101 585 errare,
1120 534 1214 583 labi,
1233 533 1301 572 de·

175 590 266 642 cipi,
287 600 366 630 tam
386 593 555 641 dedecet,
577 606 696 644 quam
714 592 888 639 delirare,
909 599 946 629 et
964 598 1094 629 mente
1112 602 1193 628 aese
1210 601 1301 640 cap-

178 652 276 683 tum.
329 646 383 685 Et
404 648 510 697 justa
536 647 667 685 omnia
684 646 820 684 decora
844 653 958 692 sunt;
989 645 1135 694 injusta
1152 649 1317 689 contra‚·

176 706 221 736 ut
239 701 381 752 turpia,
402 702 454 740 sic
472 701 662 740 indecora.
691 700 837 740 Similis
855 708 912 738 oet
929 699 1025 737 ratio
1041 697 1300 737 fortitudinis:

176 754 282 804 quod
300 755 403 793 enim
423 756 581 794 viriliter
599 755 806 806 animoque
824 766 968 805 magno
986 753 1044 800 fit,
1075 752 1116 790 id
1134 751 1299 803 dignum

177 807 272 855 viro,
294 817 331 847 et
349 809 532 848 decorum
550 810 724 849 videtur:
755 808 861 861 quod
872 815 1017 857 contra,
1035 806 1092 857 id,
1111 813 1157 845 ut
1173 813 1301 858 turpe,

179 861 232 900 sic
250 863 486 902 indecorum.
1014 907 1019 910 ⁴

232 916 365 965 Quare
383 919 549 970 pertinet
568 918 725 971 quidem
742 917 791 956 ad
805 929 962 956 omnem
974 916 1215 955 honestatem
1227 913 1303 952 hoc

177 971 301 1022 (quod
320 972 422 1020 dico)
442 973 623 1012 decorum
639 988 649 1011 ε
681 982 719 1012 et
736 973 791 1010 ita
808 971 986 1024 pertinet,
1006 978 1052 1009 ut
1075 982 1153 1008 non
1170 979 1303 1007 recon-

178 1025 260 1063 dita
289 1027 460 1077 quddam
491 1027 637 1065 ratione
666 1035 856 1074 cernatur,
888 1025 955 1064 sed
986 1025 1035 1064 sit
1065 1025 1106 1062 in
1132 1031 1303 1076 promtu.

178 1078 253 1117 Est
278 1081 382 1119 enim
408 1081 610 1134 quiddam,
635 1081 753 1133 idque
777 1080 1006 1131 intelligitur
1029 1079 1071 1117 in
1095 1077 1204 1116 omni
1227 1075 1306 1114 vir-

178 1141 275 1182 tute,
297 1135 402 1185 quod
421 1136 577 1181 deceat;
608 1135 712 1187 quod
731 1134 959 1186 cogitatione
978 1132 1105 1184 magis
1122 1145 1146 1170 a
1163 1131 1307 1169 virtute

177 1196 317 1239 potest,
338 1202 457 1240 quam
482 1203 537 1239 re,
565 1189 741 1240 separari.
784 1189 840 1228 Ut
865 1194 1044 1226 venustas
1070 1193 1108 1225 et
1132 1184 1305 1238 pulchri-

178 1242 274 1281 tudo
301 1244 468 1295 corporis
495 1243 638 1282 secerni
665 1255 743 1281 non
770 1247 895 1294 potest
921 1254 946 1280 a
972 1240 1215 1284 valetudine3
1251 1238 1305 1276 sic

179 1296 252 1334 hoc
272 1296 335 1340 (de
349 1311 427 1350 quo
441 1298 656 1350 loquimur)
676 1297 872 1343 decorum,
892 1303 1018 1334 totum
1032 1294 1132 1333 illud
1146 1291 1306 1346 quidem

178 1358 234 1388 αεὶ
254 1363 344 1389 cum
363 1353 503 1390 virtute
522 1351 752 1398 confusum3
782 1350 849 1390 sed
873 1357 1004 1388 mente
1022 1356 1060 1388 et
1078 1347 1307 1401 cogitatione

178 1404 439 1457 distinguitur.

234 1459 308 1497 Est
325 1468 454 1498 autem
473 1462 556 1512 ejus
575 1461 776 1513 descriptio
793 1460 951 1511 duplex.
993 1458 1102 1501 Nam
1127 1464 1165 1496 et
1189 1468 1306 1508 gene·

180 1513 259 1551 rale
284 1514 479 1565 quoddam
505 1515 686 1554 decorum
710 1514 977 1566 intelligimu8‚
1001 1512 1106 1565 quod
1129 1512 1170 1550 in
1198 1510 1307 1549 omni

180 1567 379 1607 honestate
397 1578 593 1615 versatur;
625 1577 662 1608 et
686 1569 807 1617 aliud,
833 1568 925 1606 huic
948 1568 1180 1617 subjectum,
1199 1564 1306 1616 quod

179 1622 344 1672 pertinet
368 1623 418 1661 ad
444 1624 614 1675 singulas
637 1632 763 1675 partes
786 1621 1006 1661 honoetatis.
1045 1622 1181 1673 Atque
1204 1618 1304 1656 illud

180 1675 354 1727 superius
387 1677 439 1716 sic
471 1678 550 1716 fere
577 1678 728 1717 definiri
756 1677 876 1716 solet:
916 1676 1112 1715 Decorum
1140 1674 1181 1712 id
1208 1684 1303 1720 eme,

180 1730 285 1781 quod
313 1740 610 1771 consentaneum
637 1732 687 1771 sit
709 1731 878 1770 hominis
902 1729 1150 1777 excellentiae,
1176 1728 1218 1766 in
1243 1739 1305 1774 eo,

179 1784 220 1821 in
251 1797 330 1836 quo
359 1794 496 1824 natura
522 1788 604 1836 ejus
627 1800 651 1825 a
674 1786 832 1838 reliquis
856 1784 1116 1823 animantibus
1140 1782 1303 1820 differat.

181 1837 284 1885 Quae
309 1848 439 1878 autern
464 1854 552 1892 pars
578 1842 749 1890 subjecta
774 1839 903 1892 generi
927 1847 998 1885 δι,
1019 1851 1104 1877 eam
1131 1837 1184 1875 sic
1208 1835 1305 1874 defi-

180 1892 308 1940 niunt,
337 1902 380 1932 ut
407 1894 447 1931 id
471 1895 654 1934 decorum
682 1907 761 1933 oese
788 1894 921 1940 velint,
948 1892 1053 1944 quod
1077 1892 1133 1930 ita
1155 1898 1305 1928 naturae

179 1955 476 1986 consentaneum
496 1949 558 1995 sit,
579 1957 623 1987 ut
641 1949 681 1986 in
701 1962 746 1987 eo
763 1947 973 1986 moderatio
995 1955 1034 1986 et
1052 1943 1306 1998 temperantia

179 2010 375 2051 appareat,
395 2015 485 2041 cum
504 2004 627 2054 specie
645 2002 815 2055 quadam
833 2001 994 2040 liberali.

233 2055 444 2095 XXVIII.
474 2057 571 2096 Haec
587 2059 640 2096 ita
655 2056 832 2107 intelligi,
849 2056 1065 2093 existimare
1082 2065 1302 2105 possumus,

179 2120 226 2146 ex
255 2122 299 2146 eo
326 2110 460 2149 decoro
488 2112 592 2163 quod
620 2113 744 2163 poetae
770 2117 1011 2162 sequuntur3
1048 2108 1097 2146 de
1121 2120 1200 2159 quo
1226 2107 1304 2145 alio

171 2163 258 2201 loco
277 2163 390 2214 plura
408 2165 483 2204 dici
503 2166 638 2205 solent.
676 2165 752 2205 Sed
771 2172 857 2204 tum
876 2176 1024 2203 servare
1047 2162 1147 2202 illud
1172 2161 1305 2214 poetes
