1470 2402
246 66 328 107 DE
355 66 618 117 LEGIBUS,
648 67 748 106 Lm.
771 66 831 106 ΙΙ.
860 67 966 107 CAP.
987 68 1052 105 22.
1131 66 1208 110 175

88 184 133 221 ut
157 183 299 216 veteres
324 176 594 226 Februarium,
623 176 676 216 sic
702 176 766 216 hic
790 175 1047 223 Decembrem
1072 187 1206 227 seque-

88 233 214 271 batur.
244 258 246 260 -

142 285 287 324 XXII.
318 284 460 324 Hostia
483 292 615 324 autem
641 285 815 324 maxima
837 291 1049 337 parentare,
1073 281 1209 335 pietati

88 353 169 379 esse
182 339 407 389 adjunctum
422 342 593 391 putabat.
623 340 718 378 Jam
732 347 839 378 tanta
856 338 988 390 religio
1006 346 1062 376 est
1081 337 1208 389 sepul-

88 407 256 440 crorum,
284 400 328 431 ut
347 402 475 432 extera
494 407 597 433 sacra
615 402 652 432 et
671 402 826 445 gentem
843 393 974 431 inferri
993 392 1050 430 fas
1069 398 1210 443 negent

89 461 192 487 esse:
223 447 340 499 idque
364 448 468 499 apud
492 449 656 498 majores
682 452 827 487 nestros
852 447 906 485 A.
927 447 1149 498 Torquatus
1168 446 1210 483 in

87 509 201 553 gente
217 501 369 553 Popilia
380 502 576 551 judicavit.
607 503 648 540 N
652 516 692 541 ec
706 515 793 541 vero
812 510 892 541 tam
907 500 1106 546 denicales,
1123 513 1211 551 quae

88 570 113 594 a
142 568 233 594 nece
259 556 460 607 appellatae
485 563 587 604 sunt,
615 557 694 608 qua
718 556 882 595 resident
906 555 1063 602 mortui,
1091 567 1211 605 quam

88 618 311 650 caeterorum
325 611 533 649 coelestium
547 611 668 662 quieti
682 611 775 657 dies,
790 610 893 649 feriae
906 609 1210 658 nominarentur,

89 664 162 703 nisi
179 665 343 714 majores
361 678 438 713 eos,
459 665 527 717 qui
541 678 588 703 ex
606 665 678 704 hac
696 666 776 704 vita
794 665 1034 715 migrassent,
1050 663 1091 700 in
1106 663 1213 701 Deo-

89 731 178 756 rum
197 731 359 757 numero
378 732 456 758 esse
474 719 692 758 voluissent.
720 719 800 758 Eas
817 719 858 757 in
874 732 935 757 eos
950 718 1029 756 dies
1044 717 1213 756 conferre

86 774 166 822 jus,
195 773 336 824 quibus
364 782 488 825 neque
512 774 631 825 ipsius
656 786 782 826 neque
806 773 970 825 publicae
988 772 1090 811 feriae
1110 772 1209 810 sint:

90 834 246 878 totaque
270 827 387 877 hujus
408 828 506 877 juris
530 828 752 879 compositio
776 827 1003 879 pontificalis
1029 839 1212 877 magnam

90 881 314 932 religionem
333 882 666 934 caerimoniamque
685 882 861 920 declarat.
904 882 1045 932 Neque
1063 893 1213 919 necesse

90 943 146 974 est
165 935 316 974 edisseri
334 950 357 974 a
370 937 493 998 nobis,
515 950 601 988 quae
611 936 706 975 finis
723 936 885 974 funestae
903 935 1085 981 familiae,
1075 949 1085 958 ·
1107 935 1213 986 quod

90 1002 212 1040 genus
237 990 408 1028 sacrificii
435 989 576 1042 [Lare]
602 990 819 1033 vervecibus
837 990 931 1035 fiat3
962 989 1213 1056 quemadmo-

91 1043 187 1081 dum
212 1056 253 1082 os
271 1045 455 1094 rejectum
474 1052 582 1083 terrae
600 1047 827 1095 obtegatur-3
858 1057 1021 1096 quaeque
1039 1044 1079 1080 in
1098 1057 1214 1095 porca

90 1105 283 1137 contracta
293 1100 382 1148 jura
400 1099 501 1144 sint3
532 1112 609 1150 quo
628 1106 799 1150 tempore
817 1099 975 1151 incipiat
993 1098 1212 1150 sepulcrum

92 1165 186 1200 esse,
207 1160 245 1190 et
262 1153 444 1204 religione
462 1160 646 1192 teneatur.
1166 1176 1169 1178 —

147 1207 206 1244 At
230 1207 328 1244 mihi
346 1207 504 1258 quidem
528 1207 838 1259 antiquissimum
864 1207 1069 1259 sepulturae
1093 1219 1214 1258 genus

93 1260 135 1299 id
151 1261 268 1299 fuisse
282 1261 444 1310 videtur,
466 1275 544 1313 quo
562 1262 666 1313 apud
680 1262 978 1313 Xenophontem
995 1262 1120 1313 Cyrus
1138 1262 1214 1299 uti-

94 1322 170 1353 tur.
200 1315 391 1354 Redditur
406 1316 508 1354 enim
523 1323 632 1354 terrae
650 1329 811 1368 corpus3
843 1324 893 1364 et,
914 1316 968 1354 ita
984 1316 1153 1354 locatum
1172 1329 1217 1354 ac

94 1369 227 1417 situm,
254 1370 364 1421 quasi
388 1371 624 1422 operimento
649 1371 782 1409 matris
805 1370 1017 1409 obducitur.
1046 1370 1217 1409 Eodem-

95 1437 172 1476 que
191 1424 266 1462 ritu
284 1424 326 1462 in
345 1438 389 1463 eo
417 1425 602 1476 sepulcro,
623 1425 728 1476 quod
745 1425 879 1476 procul
897 1425 946 1463 ad
965 1424 1098 1463 Fontis
1117 1438 1216 1473 aras,

96 1491 226 1529 regem
245 1487 419 1517 nostrum
438 1480 616 1518 Numam
635 1479 832 1518 conditum
855 1479 1094 1530 accepimus:
1125 1491 1219 1530 gen-

98 1538 254 1583 temque
274 1532 494 1572 Corneliam
512 1547 635 1586 usque
653 1534 702 1572 ad
720 1534 946 1572 memoriam
964 1540 1133 1571 nostram
1147 1533 1220 1571 hac

99 1587 298 1637 sepultura
316 1587 456 1626 scimus
476 1601 554 1626 esse
571 1601 695 1626 usam.
739 1588 784 1627 C.
802 1588 922 1626 Marii
937 1587 1026 1626 sitas
1039 1587 1219 1638 reliquias

99 1640 206 1691 apud
223 1641 418 1679 Anienem
437 1642 612 1694 dissipari
623 1642 736 1692 jussit
751 1643 861 1680 Sulla
879 1642 1010 1689 victor,
1031 1642 1221 1681 acerbiore

100 1694 188 1733 odio
212 1694 404 1744 incitatus,
433 1709 565 1747 quam,
592 1697 624 1734 si
649 1704 730 1734 tam
755 1696 903 1747 sapiens
928 1696 1074 1743 fuisset,
1101 1709 1220 1747 quam

101 1748 178 1786 fuit
202 1749 416 1788 vehemens.
459 1750 578 1798 Quod
595 1751 702 1788 haud
720 1751 795 1789 scio
814 1763 864 1787 an
889 1751 1027 1788 timens
1053 1763 1121 1788 suo
1140 1763 1222 1788 cor-

101 1803 186 1855 pori
204 1816 312 1854 posse
331 1803 510 1851 accidere,
531 1804 679 1855 primus
699 1818 719 1843 e
737 1804 904 1855 patriciis
931 1804 1116 1843 Corneliis
1140 1804 1223 1856 igni

102 1857 224 1896 voluit
242 1858 412 1896 cremari.
443 1858 623 1897 Declarat
637 1859 778 1897 etenim
792 1858 944 1897 Ennius
959 1859 1006 1897 de
1019 1859 1220 1907 Africano,

104 1914 133 1934 “
155 1912 236 1950 Hic
255 1920 310 1950 est
328 1912 394 1951 ine
413 1912 547 1950 situs.'’
576 1913 701 1952 Vere:
724 1926 816 1951 nam
830 1913 892 1951 siti
905 1913 1084 1952 dicuntur
1097 1914 1139 1961 ii,
1156 1913 1224 1965 qui

102 1966 248 2006 conditi
266 1974 366 2004 sunt.
409 1967 493 2005 Nec
511 1974 640 2005 tamen
661 1981 793 2006 eorum
811 1976 899 2006 ante
917 1969 1134 2020 sepulcrum
1153 1975 1224 2015 est,

104 2033 225 2072 quam
240 2022 346 2071 justa
365 2021 478 2069 facta,
499 2029 537 2059 et
555 2035 690 2072 corpus
715 2022 913 2060 incensum
933 2030 1000 2060 est.
1048 2022 1102 2060 Et
1121 2021 1226 2074 quod

103 2087 208 2113 nunc
233 2075 501 2121 communiter,
521 2076 563 2113 in
588 2076 768 2114 omnibus
793 2077 949 2127 sepultis
966 2077 1133 2128 penitus,
1153 2077 1227 2114 hu-

105 2129 203 2167 mati
232 2129 435 2175 dicantur;
464 2130 505 2167 id
534 2138 613 2168 erat
638 2131 838 2182 proprium
866 2139 951 2169 tum
977 2131 1017 2169 in
1042 2131 1102 2179 iis,
1131 2143 1228 2182 quos

107 2183 254 2224 humus
270 2185 411 2235 injecta
428 2191 666 2237 contegeret:
698 2198 865 2238 eumque
882 2198 1029 2225 morem
1045 2187 1111 2238 jus
1134 2197 1230 2237 pon-
