1470 2402
274 96 353 136 DE
382 96 647 148 OFFICIIS‚
678 97 779 136 Lm.
803 97 887 137 ΙΙΙ.
917 97 1024 137 CAP.
1045 97 1086 136 6.
1171 94 1253 136 299

121 213 281 258 negant,
307 206 353 245 hi
370 206 560 246 dirimunt
579 219 827 246 communem
845 206 1009 246 humani
1028 206 1176 259 generis
1194 218 1258 246 so-

122 260 327 307 cietatem3
354 262 438 314 qu‘a
456 262 624 309 mblata,
650 262 914 311 beneficentia,
940 262 1162 309 liberalitas,
1187 263 1258 300 bo·

123 314 238 364 nitas,
265 316 430 366 justitia,
463 316 639 355 funditus
672 317 844 356 tollitur:
877 328 965 369 qu'ae
997 316 1067 369 qui
1099 317 1255 363 tollunt,

124 369 242 408 etiam
279 370 461 410 adverms
497 371 603 410 Deos
638 370 876 410 immortales
912 371 1024 423 impii
1058 371 1259 422 judicandi

122 432 214 463 sunt
229 440 241 464 ε
272 427 321 464 ab
339 425 387 464 iis
405 425 509 464 enim
529 425 777 464 constitutam
795 426 895 465 inter
912 426 1088 465 homines
1103 426 1261 464 societa-

123 486 205 517 tem
223 487 425 526 evertunt3
456 482 567 531 cujus
581 480 768 520 societatis
787 480 1042 520 arctissimum
1057 481 1260 519 vinculum

123 541 194 582 ωε,
221 534 347 586 magis
373 534 548 574 arbitrari
575 548 654 574 eme
678 544 810 574 contra
835 543 1029 585 naturam,
1061 535 1261 574 hominem

123 587 274 627 homini
295 588 508 639 detrahere,
529 590 590 629 sui
615 590 809 629 commodi
834 590 963 640 causa,
990 603 1111 643 quam
1130 589 1263 629 omnia

124 641 372 683 incommoda
383 645 511 684 subire
526 645 587 684 vel
602 654 773 693 externa,
794 644 857 683 vel
871 646 1050 697 corporis,
1070 646 1132 684 vel
1143 645 1262 684 etiam

125 696 247 749 ipsius
266 699 402 746 animi,
423 713 512 752 quae
533 698 652 752 [non]
674 706 809 739 vacent
832 700 996 750 justitia.
1038 700 1137 739 Haec
1156 700 1261 739 enim

125 764 206 791 una
225 752 346 792 virtus
364 754 542 793 omnium
562 762 619 793 aet
636 754 795 793 domina
813 762 851 793 et
867 755 1002 806 regina
1018 755 1221 794 virtutum.

180 807 358 847 Fors'tan
387 808 582 861 quispiam
612 809 778 848 dixerit:
822 810 852 832 “
873 809 1017 848 Nonne
1047 806 1169 862 igitur
1198 820 1260 848 sa-

125 861 249 914 piens,
280 862 311 901 si
334 862 438 902 fame
463 863 544 916 ipse
571 864 807 913 conficiatur,
835 864 1035 904 abstulerit
1055 865 1186 904 cibum
1205 865 1262 903 al-

124 917 210 964 teri,
240 916 390 956 homini
416 917 465 956 ad
494 919 647 957 nullam
672 932 755 958 rem
784 919 873 958 utili
887 919 934 958 ?''
963 919 1134 958 Minime
1159 930 1261 958 vero.

126 971 220 1010 Non
241 972 347 1011 enim
364 971 465 1011 mihi
483 980 541 1012 est
558 973 638 1012 vita
655 986 743 1012 mea
761 974 907 1022 utilior,
928 986 1048 1026 quam
1066 974 1190 1013 ankni
1204 982 1263 1012 αι·

125 1024 173 1064 lis
196 1026 358 1075 affectio,
381 1027 577 1067 neminem
591 1036 637 1066 ut
655 1028 796 1067 violem
817 1029 1009 1067 commodi
1026 1029 1105 1068 mei
1124 1027 1261 1080 gratia„

127 1079 239 1127 Quid
252 1082 270 1119 ?
299 1081 332 1120 si
358 1080 573 1131 Phalarim,
601 1083 795 1122 crudelem
820 1091 1032 1135 tyrannum
1057 1091 1095 1122 et
1122 1083 1263 1122 imma-

126 1147 232 1183 nem,
262 1134 323 1174 vir
344 1138 486 1186 bonus,
516 1149 566 1176 ne
587 1137 671 1190 ipse
696 1137 837 1189 frigore
859 1138 1095 1185 conficiatur,
1123 1138 1261 1176 vestim

125 1189 291 1241 spoliare
307 1191 455 1242 possim
484 1204 614 1231 nonne
633 1192 748 1231 faciat
763 1195 781 1232 Ρ
822 1192 921 1232 Haec
939 1192 989 1231 ad
1005 1193 1262 1244 judicandum

126 1252 219 1287 sunt
236 1244 432 1284 facillima.
481 1246 605 1295 Nam,
633 1247 665 1286 si
682 1246 780 1300 quid
799 1249 848 1286 ab
867 1247 1024 1286 homine
1043 1244 1093 1286 ad
1111 1247 1263 1286 nullam

126 1306 276 1350 partem
295 1300 398 1348 utili,
419 1308 498 1340 tuae
522 1302 700 1341 utilitatis
719 1302 848 1350 causa,
881 1302 1116 1349 detraxeris3
1146 1302 1264 1340 inhu-

127 1366 243 1392 mane
259 1354 407 1404 feceris,
428 1363 636 1409 contraque
654 1364 802 1395 naturae
820 1357 971 1409 legem:
1004 1357 1061 1396 sin
1079 1366 1211 1396 autem
1229 1356 1264 1396 is

128 1414 173 1446 tu
199 1408 265 1457 sis,
292 1410 362 1462 qui
386 1411 553 1450 multam
580 1411 789 1451 utilitatem
814 1409 1035 1464 reipublicae
1058 1420 1174 1464 atque
1193 1412 1264 1450 ho-

126 1461 283 1501 minum
309 1464 492 1514 societati,
523 1466 556 1504 si
580 1466 622 1504 in
641 1465 721 1505 vit&
739 1479 952 1515 remaneas,
973 1467 1108 1505 afferre
1125 1467 1262 1518 possis,

127 1515 160 1555 si
179 1515 274 1568 quid
300 1520 349 1557 ob
373 1531 459 1557 eam
484 1533 641 1559 eausam
661 1521 770 1560 alteri
789 1521 1012 1568 detraxeris,
1038 1533 1117 1560 non
1137 1521 1186 1559 sit
1204 1533 1264 1560 re·

125 1571 458 1623 prehendendum.
488 1575 557 1613 Sin
572 1583 704 1614 autem
717 1575 759 1613 id
772 1588 852 1614 non
865 1576 913 1615 s'it
925 1575 1129 1625 ejusmodi,
1146 1588 1264 1614 suum

128 1625 268 1678 cuique
286 1626 578 1667 inoommodum
598 1629 801 1682 ferendum
820 1637 877 1669 est
895 1630 1037 1682 potius,
1070 1643 1189 1681 quam
1214 1629 1264 1669 de

128 1679 285 1720 alterius
308 1683 520 1722 commodis
546 1684 840 1723 detrahendum.
889 1685 982 1724 Non
1001 1684 1120 1736 igitur
1138 1684 1265 1736 magis

129 1741 185 1773 est
216 1743 348 1775 contra
370 1745 551 1776 naturam
582 1740 755 1787 morbus,
787 1745 854 1778 aut
885 1746 1044 1791 egestas,
1072 1746 1139 1777 aut
1168 1738 1265 1791 quid

128 1788 369 1840 hujusmodi,
399 1803 519 1843 quam
537 1792 719 1832 detractio
739 1801 807 1832 aut
822 1793 1009 1846 appetitio
1028 1793 1156 1832 alieni.
1186 1790 1265 1832 Sed

127 1845 346 1884 communis
376 1846 554 1886 utilitatis
586 1847 779 1887 derelictio
808 1856 940 1887 contra
969 1855 1149 1887 naturam
1179 1855 1262 1886 est=

129 1905 186 1937 est
205 1899 309 1938 enim
328 1900 484 1950 injusta.
534 1902 673 1954 Itaque
691 1903 756 1941 lex
774 1902 859 1954 ipsa
876 1911 1038 1951 naturae,
1054 1916 1144 1955 quae
1157 1901 1265 1941 utili-

129 1960 251 1993 tatem
268 1954 475 1994 hominum
494 1965 692 1996 conservat
710 1964 748 1996 et
766 1958 949 2007 eontinet,
980 1956 1150 1997 decernit
1174 1966 1266 2010 pro·

128 2007 242 2057 fecto,
272 2016 332 2058 ut,
353 2011 402 2049 ab
427 2010 585 2050 homine
607 2011 720 2051 inerti
739 2019 856 2064 atque
874 2012 1018 2060 inutili,
1046 2012 1097 2051 ad
1115 2012 1266 2065 sapien-

130 2069 224 2112 tem,
252 2065 416 2114 bonum,
443 2065 661 2119 fortemque
675 2067 818 2116 virum,
838 2067 1116 2106 transferantur
1140 2076 1199 2106 res
1218 2066 1268 2105 ad

128 2116 340 2156 vivendum
370 2121 613 2168 necessariaeg
644 2121 714 2174 qui
737 2121 771 2161 si
799 2121 992 2171 occiderit,
1019 2121 1192 2160 multum
1218 2120 1268 2159 de

125 2173 331 2211 communi
344 2174 512 2214 utilitate
522 2175 756 2215 detraxerit:
777 2175 895 2216 modo
912 2176 986 2216 hoc
1003 2176 1059 2215 ita
1076 2176 1206 2224 faciat,
1221 2182 1269 2214 ut

124 2237 182 2266 ne
198 2226 281 2280 ipse
297 2227 348 2269 de
365 2242 406 2269 se
423 2231 521 2271 bene
539 2230 778 2282 existimans,
797 2230 1148 2285 sesequediugons,
1168 2230 1270 2270 hm
