1470 2402
155 85 233 123 434
496 84 532 124 T
539 83 750 124 IMAEUS.
771 84 877 124 CAP.
887 85 933 123 6.

151 194 327 233 concordi
357 193 527 246 quadam
553 194 725 233 amicitia
749 202 786 233 et
811 194 965 234 caritate
989 192 1254 244 complectitur
1267 206 1279 230 ε

153 258 271 300 atque
289 249 343 287 ita
354 256 442 300 apte
460 248 637 295 cohaeret,
658 257 704 287 ut
720 249 875 287 dissolvi
893 247 1003 287 nullo
1016 247 1132 286 modo
1150 253 1282 299 queat,

152 303 226 341 nisi
245 305 294 342 ab
313 303 462 349 eodem,
482 316 506 341 a
528 316 606 354 quo
630 310 686 341 est
710 303 923 354 colligatus.
971 302 1120 341 Earum
1149 309 1282 340 autem

153 367 320 409 quatuor
338 370 481 403 rerum,
502 371 598 408 quas
617 371 734 409 supra
752 356 848 404 dixi,
869 358 921 396 sic
939 357 980 395 in
1003 356 1110 395 omni
1132 354 1282 394 mundo

153 424 289 450 omnes
313 420 440 463 partes
464 412 656 450 collocatae
686 420 790 459 sunt,
811 419 856 450 ut
880 412 989 450 nulla
1013 424 1102 463 pars
1122 409 1284 460 hujusce

153 467 302 517 generis
327 479 415 504 exce
399 466 524 504 odei-et
555 475 677 513 extra,
705 474 820 517 atque
838 466 878 504 in
898 466 970 505 hoc
988 465 1164 504 universo
1182 464 1283 503 ines-

153 530 237 559 sent
251 532 391 571 genera
408 519 476 558 illa
495 520 682 558 universa.
714 520 762 558 Id
781 522 831 559 ob
850 534 912 559 eas
930 533 1076 566 causas,
1092 519 1280 571 primum,

152 583 198 613 ut
226 588 277 613 ιιι
269 574 396 612 andus
415 575 591 613 animans
610 588 696 626 poss
692 583 736 612 et
756 588 802 613 ex
821 575 996 626 perfectis
1014 575 1187 626 part-ibus
1202 586 1282 612 esse

153 629 368 681 perfectus·
400 629 552 675 deinde,
573 637 616 666 ut
642 641 744 667 unus
773 637 882 675 esset,
903 629 1013 667 nulla
1034 635 1157 680 parte,
1177 627 1282 666 unde

153 684 250 722 alter
267 685 501 735 gigneretur,
531 683 686 721 relicta:
718 692 925 734 postremo,
951 696 999 722 ne
1018 683 1105 735 quis
1123 683 1282 721 morbus

155 751 245 777 eum
256 746 397 790 posset,
413 746 480 775 aut
495 746 681 782 senectus,
695 737 874 789 affligere.
897 737 1040 777 Omnis
1054 737 1157 776 enim
1169 749 1282 788 coag-

152 793 339 831 mentatio
357 792 537 843 corporis,
558 792 618 830 vel
637 771 799 835 calore,t>
796 793 857 830 vel
881 792 1036 844 frigore,
1063 792 1125 830 vel
1150 791 1282 843 aliqua

153 847 386 898 impulsione
414 846 645 893 vehementi,
671 846 923 885 labefactatur
951 854 989 885 et
1019 846 1224 897 frangitur,
1245 854 1283 885 et

153 901 203 940 ad
222 903 376 939 morbos
395 908 708 952 senectutemque
726 901 980 952 compellitur.
1030 900 1146 939 Hanc
1163 900 1283 952 igitur

151 955 290 994 habuit
308 955 494 994 rationem
509 955 662 994 effector
679 955 817 993 mundi
829 956 1074 1008 moliturque,
1093 955 1218 1002 Deus,
1238 962 1284 993 ut

151 1022 278 1048 unum
297 1023 395 1061 opus
413 1017 540 1048 totum
559 1017 676 1061 atque
698 1010 925 1061 perfectum,
957 1023 1005 1049 ex
1023 1009 1204 1049 omnibus
1222 1017 1282 1048 to-

151 1065 201 1103 tis
221 1072 337 1116 atque
364 1063 554 1115 perfectis,
582 1063 714 1102 absoli
716 1072 855 1113 eretur,
883 1065 988 1116 quod
1013 1061 1121 1104 omni
1145 1065 1282 1103 morbo

153 1118 307 1157 seniove
321 1126 475 1157 careret.

206 1172 283 1211 VI.
313 1172 499 1211 Formam
527 1180 657 1211 autem
677 1180 714 1211 et
741 1173 912 1212 maxime
930 1172 1003 1212 sibi
1021 1180 1223 1224 cognatam
1243 1180 1281 1212 et

150 1226 328 1266 decoram
346 1226 462 1264 dedit.
492 1227 534 1264 A
555 1240 633 1278 quo
647 1226 750 1264 enim
763 1227 958 1266 animante
969 1240 1102 1266 omnes
1113 1227 1280 1279 reliquos

149 1281 335 1320 contineri
353 1280 467 1319 vellet
486 1281 714 1327 animantes,
734 1280 839 1320 hunc
862 1282 907 1320 ea
929 1282 1056 1320 forma
1084 1281 1278 1333 figuravit,

148 1336 228 1388 qua
261 1335 341 1374 una
371 1347 504 1373 omnes
535 1335 693 1387 reliquae
718 1334 852 1374 formae
891 1335 1173 1375 concluduntur
1189 1350 1199 1374 ι
1241 1344 1280 1374 et

147 1391 327 1442 globosus
352 1398 408 1428 aet
426 1389 633 1428 fabricatus
663 1389 784 1441 (quod
810 1389 1035 1439 Σταιροειὸες
1063 1388 1190 1429 Graeci
1215 1403 1283 1429 vo-

146 1452 260 1491 cant)
278 1459 289 1482 :
332 1445 442 1505 cujus
461 1444 587 1482 omnis
607 1444 827 1482 extremitas
845 1444 1007 1506 ‘paribus
1025 1458 1049 1483 a
1066 1444 1196 1484 medio
1217 1458 1279 1483 ra-

146 1499 219 1538 diis
233 1499 446 1549 attingitur.
491 1498 617 1550 quue
635 1498 689 1536 ita
708 1499 887 1543 tornavit,
908 1506 952 1537 ut
966 1498 1063 1538 nihil
1082 1499 1279 1551 efficipos-

145 1554 195 1592 sit
208 1553 424 1615 rotundius,
446 1553 544 1591 nihil
563 1560 608 1590 ut
627 1553 841 1613 asperitatis
860 1553 1031 1601 haberet,
1044 1553 1143 1592 nihil
1157 1553 1278 1592 offen-

144 1608 275 1654 sionis,
291 1607 390 1646 nihil
404 1607 598 1646 inclusum
610 1607 777 1658 angulis,
799 1604 897 1645 nihil
911 1607 1162 1655 anfractibus,
1175 1608 1276 1648 nihil

146 1662 333 1710 eminens,
354 1661 451 1699 nihil
469 1661 721 1700 lacunosum:
753 1674 963 1714 omnesque
981 1670 1108 1713 partes
1127 1662 1279 1701 similli-

144 1729 221 1755 mae
240 1716 431 1763 omnium,
462 1715 567 1767 quod
592 1717 675 1765 ejus
693 1717 898 1767 praestabat
913 1716 1059 1766 judicio
1078 1716 1275 1756 dissimili-

144 1770 272 1808 tudini
291 1769 514 1808 similitudo.
545 1769 670 1809 Omni
688 1778 819 1808 autem
839 1778 959 1809 totam
978 1770 1145 1822 figuram
1158 1783 1276 1810 mun-

144 1825 184 1863 di
212 1825 379 1863 laevitate
408 1823 669 1863 circumdedit.
718 1822 804 1863 Nec
834 1825 939 1863 enim
972 1825 1092 1864 oculis
1123 1827 1273 1877 egebat,

144 1879 237 1931 quia
270 1878 368 1916 nihil
393 1886 515 1940 extra,
545 1878 651 1930 quod
677 1879 779 1917 cerni
804 1887 944 1930 posset,
965 1878 1141 1918 relictum
1165 1888 1271 1926 erat;

142 1945 212 1972 nec
231 1933 403 1981 auribus,
423 1933 516 1984 quia
533 1945 582 1971 ne
598 1933 702 1984 quod
722 1932 918 1972 audiretur
932 1934 1118 1986 quidem·
1148 1946 1274 1986 neque

141 1995 250 2026 erant
268 1987 400 2026 anima
427 1987 659 2026 circumfusa
677 1995 850 2026 extrema
874 1987 1026 2036 mundi,
1047 1995 1093 2026 ut
1110 1989 1274 2040 respira-

139 2042 282 2080 tionem
302 2041 534 2103 requireret.
565 2053 635 2080 nec
653 2054 742 2080 vero
759 2041 996 2081 desiderabat
1013 2050 1082 2081 aut
1108 2042 1272 2082 alimen-

139 2104 179 2134 ta
211 2095 391 2148 corporis,
418 2103 486 2134 aut
514 2095 790 2135 detractionem
819 2097 980 2136 confecti
1013 2105 1051 2135 et
1079 2097 1273 2136 consumti

135 2150 236 2189 cibi:
279 2162 405 2202 neque
424 2150 527 2188 enim
547 2150 631 2188 ulla
655 2150 822 2189 decessio
847 2150 931 2190 fieri
955 2158 1119 2204 poterat,
1145 2163 1273 2204 neque

135 2204 321 2250 secessim
351 2216 478 2256 neque
495 2217 585 2244 vero
604 2212 686 2244 erat
703 2204 819 2245 unde.
850 2205 916 2245 Ita
932 2219 972 2245 se
991 2206 1072 2258 ipse
1090 2217 1273 2245 consum-
