1470 2402
289 106 368 146 DE
397 103 661 154 LEGIBUS,
684 105 783 143 LIB.
806 105 840 143 Ι.
864 104 969 144 Cap,
992 107 1029 144 8.
1147 107 1222 150 137

106 216 276 258 vendum
294 223 361 254 est.
391 214 524 253 Solent
542 214 662 261 enim,
676 213 716 252 id
728 213 833 266 quod
848 213 1019 252 virorum
1038 215 1230 252 bonorum

109 280 179 320 est,
203 269 414 309 admodum
440 268 573 307 irasci:
605 281 676 306 nec
694 281 783 306 vero
804 267 940 314 ferent,
968 269 1000 306 si
1027 268 1232 330 audierint,

109 334 148 365 te
180 325 352 377 primum
385 329 501 374 caput
532 322 623 361 libri
654 322 791 373 optimi
827 322 1052 373 prodidisse,
1082 322 1121 360 in
1156 334 1234 373 quo

110 379 273 431 scripsit,
305 380 333 400 ‘⁶
354 377 468 415 Nihil
487 390 618 414 curare
636 376 783 424 Deum,
804 389 873 414 nec
891 376 964 422 sui,
985 389 1055 414 nec
1078 376 1234 414 alieni.”

166 435 277 472 Attz‘c
281 447 337 470 ιι.’,·.
360 431 496 492 Perge,
513 443 663 482 quaeso:
681 443 772 469 nam
782 430 836 477 id,
854 430 958 481 quod
971 431 1041 468 tibi
1056 429 1236 476 concessi,

112 500 299 540 quorsum
317 485 519 537 pertineat,
541 493 729 536 exspecto.
772 486 849 522 Ma
842 498 954 522 rcus.
985 485 1077 522 Non
1096 484 1236 522 faciam

112 541 293 593 longius:
324 540 401 577 huc
420 540 524 578 enim
543 540 731 590 pertinet3
762 539 907 577 animal
924 538 996 576 hoc
1015 538 1236 599 providum,

113 608 247 648 sagax,
266 594 488 645 multiplex,
516 602 688 642 acutum,
709 606 750 630 m
753 606 871 640 emor,
898 593 1058 644 plenum
1082 592 1240 631 rationis

114 658 152 689 et
171 648 331 692 601151111,
353 661 469 700 quem
489 661 669 686 vocamus
696 647 924 695 Hominem,
945 646 1126 699 praeclara
1145 660 1241 699 qua-

113 704 206 743 dam
225 702 440 742 conditione
458 710 684 753 generatum
704 714 783 740 esse
801 715 824 739 a
842 714 1021 753 supremo
1041 701 1139 740 Deo.
1170 702 1242 740 So-

115 759 202 797 lum
231 766 286 796 est
316 757 434 805 enim,
463 769 511 794 ex
538 764 595 795 tot
616 756 873 794 animantium
897 755 1100 806 generibus
1127 764 1243 807 atque

116 811 278 859 naturis,
297 810 486 863 particeps
504 810 662 848 rationis
681 818 718 848 et
736 810 987 861 cogitationis,
1004 823 1094 847 cum
1109 817 1244 847 caetera

117 867 194 906 sint
212 866 344 904 omnia
362 864 543 916 expertia.
585 863 694 912 Quid
713 872 768 902 est
794 872 938 911 autem,
960 876 1037 902 non
1056 863 1183 902 dicam
1202 864 1244 901 in

117 920 288 968 homine,
316 919 381 958 sed
399 920 440 957 in
460 919 566 957 omni
585 919 676 957 coelo
702 926 817 970 atque
843 917 956 966 terra,
976 919 1123 956 ratione
1148 917 1246 956 divi-

117 975 205 1014 nius
219 977 237 1013 ‚⁹
267 987 368 1026 quae,
385 987 476 1012 cum
494 972 660 1012 adolevit
678 980 794 1024 atque
805 972 972 1024 perfecta
984 980 1053 1022 est,
1067 973 1245 1011 nomina-

119 1037 183 1068 tur
200 1028 272 1067 rite
290 1027 498 1079 Sapientia.

173 1083 247 1122 Est
265 1082 383 1133 igitur
409 1081 611 1133 (quoniam
634 1080 732 1119 nihil
758 1089 814 1120 est
838 1081 985 1120 ratione
1010 1081 1164 1127 melius,
1185 1093 1248 1118 ea-

121 1150 198 1189 que
217 1144 254 1175 et
272 1137 314 1174 in
331 1136 488 1174 homine
507 1144 544 1174 et
562 1136 602 1173 in
622 1135 725 1183 Deo)
740 1136 867 1187 prima
885 1136 1034 1174 homini
1052 1149 1141 1173 cum
1160 1135 1249 1174 Deo

120 1191 277 1230 rationis
290 1191 457 1229 societas.
489 1191 594 1228 Inter
609 1203 705 1242 quos
717 1197 847 1228 autem
858 1190 968 1237 ratio,
981 1190 1080 1228 inter
1094 1189 1248 1228 eosdem

122 1246 239 1284 etiam
258 1253 359 1283 recta
376 1245 488 1293 ratio,
508 1245 725 1282 communis
750 1252 817 1282 est.
859 1244 962 1291 Quae
981 1257 1071 1283 cum
1091 1244 1141 1282 sit
1164 1244 1246 1290 lex,

122 1301 207 1352 lege
234 1312 390 1351 quoque
417 1299 619 1337 consociati
646 1298 822 1337 homines
851 1311 940 1337 cum
969 1298 1056 1336 Diis
1083 1297 1250 1350 putandi

124 1368 271 1394 sumus.
313 1354 422 1391 Inter
446 1366 543 1405 quos
567 1366 680 1405 porro
707 1360 762 1391 est
781 1353 1002 1391 communio
1020 1353 1129 1404 leg-is,
1150 1353 1250 1390 inter

125 1422 188 1448 eos
206 1407 428 1447 communio
443 1407 541 1457 juris
561 1415 628 1446 est.
659 1406 814 1454 Quibus
834 1416 964 1445 autem
983 1408 1066 1446 haec
1085 1413 1175 1445 sunt
1191 1406 1253 1444 in-

125 1471 183 1502 ter
201 1476 264 1501 eos
283 1462 518 1511 communia,
540 1469 577 1500 et
596 1461 758 1500 civitatis
777 1461 948 1511 ejusdem
959 1461 1128 1500 habendi
1146 1467 1249 1499 sunt.

127 1517 171 1556 Si
189 1530 277 1555 vero
295 1516 430 1554 iisdem
450 1516 620 1568 imperiis
634 1524 671 1554 et
689 1516 940 1567 potestatibus
957 1524 1107 1567 parent,
1127 1514 1255 1552 multo

128 1571 246 1611 etiam
264 1571 388 1622 magis
406 1578 543 1622 parent
560 1570 651 1609 huic
671 1569 811 1608 coelesti
829 1570 1085 1622 descriptioni,
1113 1568 1254 1607 menti-

130 1638 206 1676 que
235 1625 389 1673 divinae,
417 1632 455 1663 et
483 1625 711 1676 praepotenti
737 1624 848 1663 Deo:
878 1632 924 1663 ut
947 1626 1030 1674 jam
1055 1624 1255 1662 universus

129 1679 193 1717 hic
223 1678 394 1717 mundus
424 1691 503 1716 una
531 1679 663 1717 civitas
691 1679 909 1718 communis
933 1679 1110 1716 Deorum
1139 1684 1256 1729 atque

130 1733 338 1772 hominum
355 1733 636 1771 existimanda:
667 1741 705 1771 et
730 1733 849 1784 quod,
869 1733 910 1771 in
936 1732 1167 1779 civitatibus,
1194 1744 1256 1769 ra-

132 1787 237 1826 tione
248 1786 417 1839 quadam
435 1786 505 1838 (de
523 1786 600 1838 qua
611 1787 757 1826 dicetur
771 1787 907 1825 idoneo
925 1787 1026 1834 loco)
1042 1785 1256 1837 agnationi-

131 1843 205 1880 bus
237 1841 475 1879 familiarum
506 1840 797 1892 distinguuntur
827 1849 961 1889 status,
992 1841 1034 1879 id
1057 1841 1098 1878 in
1126 1853 1257 1878 rerum

132 1894 271 1935 natura
288 1903 397 1934 tanto
415 1902 471 1934 est
484 1896 805 1946 magnificentius,
824 1903 1008 1947 tantoque
1021 1895 1257 1947 praeclarius,

133 1958 178 1989 ut
195 1949 370 1988 homines
389 1949 565 1988 Deorum
583 1950 786 2000 agnatione
804 1957 842 1988 et
859 1958 972 2001 gente
989 1957 1204 1988 teneantur.

193 2004 319 2044 VIII.
349 2005 472 2051 Nam,
501 2017 591 2043 cum
609 2004 656 2042 de
674 2004 813 2043 natura
830 2004 937 2042 omni
955 2004 1153 2056 quaeritur,
1183 2003 1261 2041 dis-

135 2059 264 2111 putari
291 2058 387 2097 solet
416 2062 471 2101 (et
499 2059 686 2097 nimirum
716 2059 770 2097 ita
795 2066 899 2107 sunt,
928 2067 973 2097 ut
998 2059 1260 2110 disputantur)

135 2113 329 2165 perpetuis
347 2112 535 2161 cursibus,
564 2113 871 2152 conversionibus
889 2113 1116 2159 ooelestibus,
1145 2111 1261 2150 exsti-

137 2168 227 2206 tisse
237 2167 450 2219 quamdam
462 2168 723 2206 maturitatem
739 2167 887 2208 serendi
905 2167 1053 2219 generis
1070 2165 1259 2205 humani·
1247 2194 1261 2211 ‚

139 2221 259 2274 quod,
278 2235 454 2274 sparsum
465 2222 506 2261 in
525 2230 642 2263 terras
661 2230 777 2276 atque
795 2230 937 2269 satum,
957 2221 1088 2263 divino
1106 2227 1265 2262 auctum

871 2287 901 2316 s
931 2277 956 2314 3
