1470 2402
258 73 337 114 DE
356 71 775 123 DIVINATIONE,
791 71 891 112 LIB·
907 72 967 113 II.
983 71 1090 114 CAP.
1105 72 1176 114 39.
1229 72 1284 113 83

164 179 302 221 deinde
329 182 601 231 inventionem,
634 180 771 220 deinde
797 181 1061 220 constantiam.
1101 180 1204 230 Quae
1228 188 1286 221 est

165 235 284 286 igitur
301 244 450 285 natura,
471 250 558 288 quae
580 236 749 275 volucres
774 235 851 274 huc
877 243 915 273 et
940 236 1032 274 illuc
1056 236 1199 287 passim
1217 249 1285 274 va-

163 297 295 340 gantes
321 290 469 337 efficiat,
490 298 535 328 ut
561 289 773 341 significent
797 289 956 341 aliquid,
986 297 1023 327 et
1048 297 1134 327 tum
1156 296 1284 328 vetent

163 355 289 394 agere,
310 352 393 382 tum
410 345 584 393 jubeant,
606 351 673 382 aut
695 351 808 381 cantu
827 351 895 381 aut
913 342 1042 382 volatu
1057 345 1075 381 ,⁹
1115 343 1196 381 Cur
1214 356 1284 381 au-

165 403 245 435 tem
264 397 347 436 aliis
366 412 389 436 a
406 398 518 445 laeva,
538 397 621 435 aliis
640 410 663 435 a
677 397 824 444 dextra,
845 398 979 435 datum
999 404 1053 435 est
1072 397 1219 444 avibus,
1238 404 1286 435 ut

166 458 294 489 ratum
313 452 528 503 auspicium
549 451 670 489 facere
694 451 870 502 possint?
909 451 1000 498 Quo
1019 451 1134 489 modo
1153 458 1284 489 autem

164 503 260 553 haec,
286 513 355 544 aut
383 505 550 557 quando,
578 512 646 543 aut
669 519 692 543 a
717 505 871 556 quibus,
901 505 1055 543 inventa
1082 504 1251 543 dicemus
1265 507 1285 544 ‚⁹

163 557 318 597 Etrusci
346 567 476 597 tamen
504 559 647 597 habent
674 567 872 597 exaratum
900 572 1064 610 puerum
1092 566 1286 597 auctorem

161 611 373 663 disciplinae
403 627 508 651 suae:
544 625 612 651 nos
641 615 791 664 quem?
838 613 1046 651 Attiumne
1076 613 1285 651 Navium?

162 666 223 704 At
238 667 384 719 aliquot
398 668 507 706 annis
522 667 714 718 antiquior
729 667 922 705 Romulus
937 675 973 704 et
990 668 1152 711 Remus,
1170 668 1285 705 ambo

164 732 342 771 augures,
362 729 407 759 ut
425 721 649 772 accepimus.
679 721 749 758 An
770 721 1001 768 Pisidarum,
1019 728 1085 759 aut
1100 720 1282 768 Cilicum,

163 782 233 812 aut
253 775 468 826 Phrygum,
495 776 568 814 ista
590 775 744 812 inventa
767 775 968 813 dicemus?
999 775 1129 812 Placet
1149 774 1282 825 igitur,

160 828 411 867 humanitatis
430 837 600 881 expertes
617 829 756 867 habere
774 828 981 866 divinitatis
1000 831 1202 866 auctores?

216 882 421 921 XXXIX.
445 884 503 922 At
518 895 648 921 omnes
662 896 781 934 reges,
798 882 945 934 populi,
962 883 1146 930 nationes,
1164 890 1283 920 utun-

162 942 226 973 tur
253 937 439 988 auspiciis.
480 937 605 984 Quasi
628 950 716 975 vero
741 937 954 988 quidquam
980 937 1027 974 sit
1052 944 1131 974 tam
1146 936 1282 998 valde,

161 1003 282 1041 quam
309 991 406 1028 nihil
434 1004 575 1043 sapere,
603 991 784 1041 vulgare3
819 998 887 1029 aut
912 990 1020 1041 quasi
1047 990 1117 1027 tibi
1143 990 1217 1041 ipsi
1240 991 1283 1028 in

157 1043 365 1105 judicando
392 1045 539 1095 placeat
564 1044 785 1082 multitudo.
840 1044 993 1092 Quotus
1022 1044 1184 1095 quisque
1211 1051 1282 1092 551,

161 1098 231 1149 qui
257 1099 491 1150 voluptatem
521 1106 633 1149 neget
659 1112 737 1137 esse
761 1097 937 1136 bonum?
970 1098 1144 1149 plerique
1167 1098 1284 1136 etiam

162 1164 360 1190 summum
384 1154 531 1190 bonum
557 1153 700 1191 dicunt.
746 1153 858 1190 Num
886 1152 1017 1203 igitur,
1048 1165 1181 1190 eorum
1208 1151 1287 1190 fre-

159 1206 332 1256 quentia,
362 1207 481 1245 Stoici
505 1207 552 1244 de
577 1206 763 1245 sententia
782 1206 1048 1244 deterrentur?
1078 1213 1145 1243 aut
1169 1217 1280 1254 num,

158 1259 351 1311 plerisque
365 1260 404 1298 in
424 1263 551 1308 rebus,
566 1261 738 1312 sequitur
753 1272 886 1298 eorum
901 1259 1163 1298 auctoritatem
1178 1260 1283 1297 mul-

160 1312 284 1352 titudo
298 1316 316 1352 Ρ
345 1313 454 1362 Quid
472 1315 616 1352 mirum
634 1315 766 1365 igitur,
787 1315 832 1362 si,
847 1314 888 1351 in
908 1314 1086 1352 omnibus
1105 1313 1282 1365 auspiciis

160 1374 199 1406 et
211 1368 318 1405 omni
337 1368 581 1417 divinatione,
602 1368 785 1407 imbecilli
804 1367 923 1406 animi
938 1368 1195 1419 superstitiosa
1208 1368 1283 1406 ista

160 1421 399 1473 concipiant;
432 1436 565 1461 verum
585 1422 765 1474 dispicere
784 1435 862 1461 non
881 1423 1057 1473 possint?
1094 1421 1195 1469 Quae
1213 1434 1284 1460 au-

159 1481 241 1513 tem
267 1483 322 1514 est
345 1476 445 1514 inter
472 1489 634 1528 augures
661 1476 886 1515 conveniens
913 1484 949 1514 et
975 1477 1175 1526 conjuncta
1195 1488 1284 1514 con-

161 1529 301 1568 stantia
313 1531 332 1569 ?
359 1530 429 1569 Ad
447 1531 566 1570 nostri
583 1531 736 1582 augurii
755 1530 1068 1570 consuetudinem
1083 1530 1181 1568 dixit
1198 1529 1284 1569 En-

161 1595 263 1631 mus,

216 1658 244 1680 “
261 1656 364 1696 Cum
381 1658 507 1697 tonuit
524 1659 666 1698 laevum
684 1659 781 1698 bene
800 1664 1024 1710 tempestate
1043 1655 1217 1696 serena„

161 1746 221 1786 At
249 1747 479 1788 Homericus
497 1751 668 1801 Ulysses,
695 1748 800 1801 apud
825 1747 1022 1787 Achillem
1047 1759 1209 1799 querens
1234 1745 1284 1785 de

160 1802 353 1842 ferocitate
372 1803 646 1854 Trojanorum,
677 1803 802 1842 nescio
827 1803 923 1855 quid
946 1803 1019 1841 hoc
1042 1801 1158 1840 modo
1182 1813 1285 1840 nun-

160 1855 258 1895 tiat.

215 1927 245 1949 ‘⁶
260 1927 448 1980 Prospera
465 1927 621 1980 Jupiter
638 1926 699 1966 his
716 1926 859 1966 dextris
876 1925 1092 1978 fulgoribus
1110 1923 1231 1964 edit.”

160 2013 225 2053 Ita
242 2015 351 2054 nobis
370 2015 520 2054 sinistra
533 2015 724 2064 videntur,
747 2014 875 2054 Graiis
894 2022 932 2053 et
944 2014 1115 2054 barbaris
1132 2013 1282 2075 dextra,

159 2068 329 2108 meliora.
370 2069 622 2122 Quamquam
647 2069 753 2108 haud
777 2069 926 2120 ignoro,
953 2082 1041 2130 quae
1064 2070 1166 2107 bona
1191 2067 1282 2114 sint,

160 2122 312 2162 sinistra
334 2136 404 2162 nos
428 2124 565 2173 dicere,
594 2123 711 2163 etiam
729 2123 762 2162 51
780 2123 916 2162 dextra
939 2123 1028 2161 sint.
1080 2121 1158 2161 Sed
1183 2129 1285 2160 certe

160 2177 278 2218 nostri
295 2177 492 2220 Sinistrum
510 2178 821 2230 nominaverunt,
844 2177 1068 2231 exoemique
1087 2175 1282 2225 dextrum,
