1470 2402
191 94 272 133 214
379 93 457 134 DE
485 95 747 145 OFFICIIS,
762 96 862 136 Lm.
877 97 910 136 Ι.
927 97 1032 137 CAP.
1049 98 1110 136 14,

188 205 227 239 et
243 206 328 240 erat
350 203 488 253 verbis,
517 216 561 242 re
584 216 660 243 non
679 209 775 243 erat.
816 206 977 256 Semper
994 209 1124 243 autem
1145 206 1188 243 in
1199 205 1298 254 fide,

189 258 284 305 quid
302 259 478 306 senseris,
491 271 566 295 non
585 259 678 308 quid
697 260 857 308 (limeris,
874 261 1135 309 cogitandum.
1165 259 1299 297 Mami-

188 322 299 347 mum
317 316 445 350 autem
463 314 679 362 exemplum
698 318 753 351 est
759 315 933 364 justitia>
953 315 993 350 in
1011 314 1157 351 hostem
1173 326 1198 350 a
1214 325 1299 350 ma-

177 365 332 414 joribus
346 368 487 403 nostris
501 368 763 405 constitutum.
796 369 898 406 Cum
909 381 933 405 a
948 368 1110 417 Pyrrho
1121 368 1298 419 perfuga

188 421 339 456 senatui
357 424 413 457 est
431 422 643 469 pollicitus,
663 434 702 459 se
722 434 907 460 venenum
933 423 1018 471 regi
1043 423 1242 467 daturum,
1261 425 1298 458 et

187 483 276 509 eum
304 478 531 511 ‘necaturum
549 489 563 518 ,·
603 480 756 512 senatus
784 480 822 513 et
852 477 897 515 C.
929 477 1137 513 Fabricius
1157 475 1299 526 persu-

183 538 282 574 gam
300 528 461 576 Pyrrho
481 530 594 577 dedit.
634 531 662 566 I
663 534 702 566 ta
720 542 767 567 ne
784 530 903 567 hostis
921 531 1088 579 quidem,
1109 534 1145 566 et
1162 533 1300 579 poten-

187 581 252 627 tis,
272 585 309 618 et
328 582 465 619 bellum
484 584 587 620 ultro
605 584 822 634 inferentis,
835 585 1039 622 interitum
1056 596 1145 621 cum
1162 584 1300 622 scelere

188 635 426 684 approbavit.
434 637 451 688 ]

185 741 250 782 Ac
267 743 314 782 de
331 745 475 784 bellicis
494 746 653 798 quidem
671 746 803 786 officiis
825 746 914 786 satis
932 746 1079 785 dictum
1097 752 1164 784 oet.

239 797 535 838 Meminerimus
549 808 694 850 autem,
709 801 824 839 etiam
842 801 1020 839 adversus
1034 799 1230 846 infimos,
1213 811 1298 848 Jus-

183 850 308 890 titiam
328 865 406 892 esse
423 855 659 892 servandam.
689 855 762 893 Est
779 862 909 893 autem
927 855 1062 892 infima
1079 852 1244 891 conditio
1262 860 1301 890 et

180 904 336 944 fortuna
350 920 568 947 servorum·
600 909 754 960 quibuS,
767 919 844 944 non
862 909 964 944 male
977 907 1215 956 praecipiunt,
1231 906 1300 957 qui

180 957 237 996 ita
259 961 397 1008 jubent
423 962 494 1009 uti,
515 970 560 999 ut
586 960 851 1006 mercenariis3
881 971 1035 1011 operam
1054 959 1297 1010 exigendam,

179 1012 285 1062 justa
302 1015 519 1064 praebenda.

237 1066 339 1104 Cum
371 1075 500 1105 autem
532 1067 682 1105 duobus
712 1067 850 1114 modis,
883 1066 925 1104 id
957 1074 1027 1114 est,
1059 1073 1128 1105 aut
1158 1067 1197 1105 vi
1227 1074 1296 1105 aut

181 1119 329 1166 fraude,
349 1120 444 1158 fiat
434 1122 597 1171 mjuria3
617 1121 737 1167 fraus,
752 1121 862 1172 quasi
880 1121 1106 1171 vulpeculae,
1127 1121 1197 1168 vis,
1216 1121 1296 1158 leo-

180 1173 240 1211 nis
268 1174 440 1213 videtur:
474 1184 684 1237 utrumque
710 1175 866 1213 homine
893 1174 1191 1212 alienissimum:
1228 1175 1294 1213 sed

178 1227 284 1265 fraus
312 1228 399 1266 odio
428 1229 546 1280 digna
576 1230 732 1278 majore.
775 1228 915 1266 Totius
940 1236 1069 1267 autem
1098 1228 1297 1290 injustitiae

178 1281 288 1319 nulla
305 1283 499 1333 capitalior
516 1289 586 1330 est,
603 1295 721 1334 quam
740 1295 886 1329 eorum,
908 1283 989 1334 qui,
1010 1295 1099 1320 cum
1122 1283 1295 1321 maxime

179 1334 333 1382 fallunt,
354 1336 395 1374 id
413 1345 534 1387 agunt
547 1344 591 1375 ut
605 1337 675 1377 viri
692 1336 784 1375 boni
802 1350 880 1375 esse
898 1336 1106 1375 videantur.
1138 1336 1201 1374 De
1210 1337 1296 1386 jus-

181 1389 265 1428 titi&⁴
284 1389 373 1427 satis
391 1390 537 1429 dictum
557 1398 623 1430 est.

232 1443 351 1482 XIV.
378 1444 568 1496 Deinceps
583 1446 644 1487 (ut
658 1451 737 1483 erat
750 1444 1005 1496 propositum)
1019 1443 1067 1482 de
1079 1444 1292 1483 beneficen-

176 1496 232 1536 tia
244 1510 288 1535 ac
304 1497 529 1537 liberalitate
543 1499 689 1539 dicatur
701 1513 714 1542 3
744 1499 822 1551 qu‘a
833 1499 990 1550 quidem
1004 1498 1101 1536 nihil
1113 1506 1169 1536 oet
1182 1506 1295 1536 natu-

178 1564 232 1589 rae
249 1552 415 1591 hominis
434 1553 777 1592 accommodatius:
808 1553 873 1591 sed
897 1553 1011 1591 habet
1036 1553 1178 1590 multas
1203 1565 1295 1591 cau-

179 1605 311 1644 tionae.
351 1606 575 1645 Videndum
604 1615 659 1646 est
687 1608 790 1645 enim
814 1607 1002 1658 primum,
1028 1619 1076 1644 ne
1101 1606 1200 1644 obsit
1225 1608 1293 1644 be-

178 1659 346 1710 nignitas
373 1668 410 1699 et
434 1661 480 1699 iis
509 1661 600 1712 ipsis
632 1661 773 1712 quibus
796 1661 960 1712 benigne
982 1661 1172 1699 videbitur
1196 1659 1292 1708 fieri,

179 1721 218 1751 et
242 1714 411 1761 caeteris3
445 1714 595 1764 deinde,
623 1727 672 1753 ne
695 1716 819 1765 major
842 1715 1057 1765 benignitas
1082 1715 1143 1760 sit,
1171 1727 1290 1765 quam

177 1767 401 1814 facultatem
429 1777 529 1817 111111,
556 1777 600 1806 111
625 1782 696 1820 pro
720 1769 906 1820 dignitate
931 1768 1069 1820 cuique
1087 1769 1289 1806 tribuatur.

175 1821 226 1859 Id
253 1822 356 1860 enim
383 1830 438 1861 est
462 1823 619 1872 justitiae
646 1822 955 1871 fundamentum,
985 1822 1034 1860 ad
1061 1834 1179 1874 quam
1206 1821 1289 1860 haec

173 1875 368 1914 referenda
406 1884 496 1915 sunt
526 1877 667 1915 omnia.
710 1877 818 1914 Nam
849 1884 888 1915 et
919 1876 987 1928 qui
1022 1876 1283 1927 gratificantur

176 1929 357 1980 cuipiam,
374 1931 478 1982 quod
496 1931 595 1968 obsit
613 1930 670 1968 illi
690 1930 752 1968 cui
769 1930 944 1982 prodesse
960 1930 1056 1968 velle
1073 1930 1288 1977 videantur,

172 1994 250 2021 non
269 1984 426 2023 benefici
443 1997 567 2036 neque
590 1985 776 2032 liberales,
794 1985 870 2022 'sed
893 1984 1092 2036 perniciosi
1116 1989 1285 2021 assenta-

171 2043 283 2085 tores,
300 2038 496 2086 judicandi
515 2046 627 2076 sunt.
617 2052 627 2062 ·
657 2045 708 2085 et,
724 2038 793 2090 qui
810 2038 893 2076 aliis
911 2045 1060 2084 nocent,
1075 2044 1120 2074 ut
1133 2036 1172 2074 in
1191 2036 1286 2074 alios

168 2091 342 2130 liberales
360 2092 449 2140 sint,
468 2091 508 2129 in
527 2092 661 2130 eadem
679 2099 769 2130 sunt
786 2091 987 2142 injustitia,
1007 2099 1052 2129 ut
1069 2091 1102 2129 si
1120 2090 1161 2128 in
1176 2102 1284 2128 suam

169 2157 250 2184 rem
268 2144 391 2183 aliena
409 2152 640 2184 convertant.

216 2201 316 2239 Sunt
333 2206 461 2238 autem
479 2199 608 2246 multi,
629 2206 667 2237 et
684 2199 841 2249 quidem
859 2176 989 2250 cupidi
1014 2197 1223 2249 splendoris
1242 2205 1281 2237 et
