1470 2402
208 84 285 127 DE
314 86 733 137 DIVINATIONE,
754 87 855 128 Lm.
876 86 936 126 ΙΙ.
956 85 1062 128 ΟΑΡ.
1087 86 1149 125 12.
1191 84 1244 123 63

131 195 320 246 exciperet
344 196 574 236 extrinsecus
593 210 641 235 ex
659 195 868 243 divinitate,
888 195 991 234 unde
1009 206 1142 233 omnes
1162 193 1245 231 ani-

132 262 215 287 mos
249 249 404 288 haustos
435 258 502 289 aut
533 257 702 302 acceptos
731 257 798 288 aut
833 250 969 288 libatos
1004 249 1245 287 haberemus.

133 303 358 342 Artificiosae
377 304 617 343 divinationis
635 305 702 342 illa
729 305 806 342 fere
825 317 964 355 genera
981 304 1161 354 ponebas,
1183 314 1250 339 ex-

132 357 323 408 tispicum,
356 371 563 410 eorumque
594 359 663 410 qui
695 371 742 396 ex
771 358 988 409 fulguribus
1017 357 1250 407 ostentisque

131 411 388 462 praedicerent,
410 420 491 450 tun]
513 425 718 464 augurum,
735 425 942 463 eorumque
961 411 1028 462 qui
1047 410 1163 462 signis
1182 416 1250 447 aut

132 465 323 503 ominibus
341 473 564 512 uterentur3
595 479 783 517 omneque
801 479 921 517 genus
939 463 1218 514 conjecturale
1207 476 1248 501 111

132 518 203 556 hoc
222 519 298 556 fere
321 532 456 570 genere
481 523 657 581 ponebas.
701 521 808 558 Illud
833 527 961 558 autem
984 518 1157 556 naturale
1182 524 1250 556 aut

131 572 377 611 concitatione
395 574 532 612 mentis
553 575 612 612 edi
631 582 667 612 et
691 574 800 625 quasi
819 574 930 612 fundi
949 573 1160 621 videbatur,
1182 579 1250 610 aut

131 626 260 664 animo
283 640 350 678 per
375 641 553 666 somnum
581 629 752 667 sensibus
780 635 817 666 et
841 627 940 666 curis
970 639 1090 665 vacuo
1120 626 1249 678 provi-

132 679 223 718 deri.
255 680 413 719 Duxisti
438 690 566 720 autem
594 683 863 720 divinationem
895 694 1050 719 omnem
1071 693 1094 718 a
1123 680 1246 718 tribus

131 736 258 781 rebus,
279 748 302 773 a
324 734 423 784 Deo,
444 749 467 773 a
485 736 576 785 fato,
597 750 620 774 a
638 737 786 774 natur-21.
818 736 892 774 Sed
911 744 1053 782 tamen,
1071 747 1160 773 cum
1180 747 1247 772 ex-

132 788 271 839 plicare
300 789 397 827 nihil
427 802 567 840 posses,
596 791 776 855 pugnasti
803 789 1154 828 commenticiorum
1181 801 1249 825 ex-

134 843 350 893 emplorum
369 843 528 882 mirifica
554 845 683 895 copia:
715 844 761 882 de
780 857 857 896 quo
876 843 1046 895 primum
1065 843 1135 881 hcc
1154 842 1250 879 libet

132 895 275 934 dicere:
309 897 381 935 hoc
399 910 468 948 ego
486 898 702 949 philosophi
721 911 796 936 non
817 899 991 943 arbitror,
1004 897 1161 934 testibus
1175 896 1249 942 uti,

135 949 203 1000 qui
222 958 288 988 aut
307 963 394 989 casu
410 952 501 998 veri,
522 960 589 990 aut
605 952 753 990 malitia
772 952 854 990 fals
828 965 857 989 31
876 952 1044 1002 fictique,
1061 963 1138 988 esse
1162 963 1251 1000 pos-

131 1011 233 1042 sunt.
263 1005 516 1056 Argumentis
539 1013 576 1044 et
594 1006 802 1044 rationibus
810 1012 980 1067 oportet,
1002 1017 1118 1056 quare
1136 1003 1249 1056 quid-

133 1071 208 1109 que
226 1058 279 1096 ita
294 1059 354 1107 sit,
375 1059 520 1104 docere
541 1072 618 1098 non
637 1060 792 1108 eventis,
807 1060 853 1098 113
867 1060 1091 1112 praesertim,
1108 1058 1252 1110 quibus

133 1111 230 1149 mihi
247 1113 358 1151 liceat
375 1125 453 1151 non
472 1114 632 1153 credere

184 1166 286 1204 XII.
316 1167 374 1205 Ut
400 1167 527 1206 ordiar
549 1170 597 1207 ab
625 1168 880 1220 haruspicina,
911 1170 1047 1220 (quam
1070 1179 1154 1218 ego,
1177 1166 1250 1204 rei-

131 1220 295 1271 publicae
324 1221 450 1270 331133,
489 1223 780 1274 communisque
809 1222 1014 1273 religionis,
1048 1220 1249 1259 colendam

132 1286 288 1313 3311330.
319 1275 384 1314 sed
409 1276 478 1314 3011
505 1290 661 1315 sumus:
692 1277 779 1315 licet
796 1289 931 1315 verum
950 1275 1148 1326 exquirere
1168 1275 1250 1313 sine

132 1327 289 1390 invidia,
310 1330 407 1367 mihi
424 1331 632 1381 praeseitim
651 1331 698 1369 de
716 1331 906 1382 plerisque
925 1329 1158 1377 dubitanti):
1189 1328 1251 1366 in-

133 1382 349 1444 spiciamus,
378 1384 408 1422 si
432 1385 568 1436 placet,
596 1393 684 1423 exta
701 1385 884 1436 primum.
932 1383 1184 1422 Persuaderi·
1174 1382 1249 1443 181-

133 1443 196 1474 tur
214 1437 394 1489 cuiquam
412 1446 548 1489 potest,
569 1452 613 1477 ea
627 1453 713 1491 quae
725 1438 927 1490 significari
945 1438 1123 1476 dicuntur
1138 1437 1250 1484 extis,

132 1491 284 1541 cognita
302 1505 379 1530 esse
397 1495 444 1530 ab
462 1494 726 1544 haruspicibus
744 1495 877 1531 observ
879 1492 1003 1530 atione
1027 1491 1237 1529 diuturna.
1226 1493 1246 1519 9

134 1543 267 1591 Quam
285 1546 490 1584 diuturna
479 1555 552 1585 ista
568 1547 665 1586 fuit.
656 1550 674 1576 9
702 1555 769 1585 aut
787 1559 904 1599 quam
922 1546 1134 1597 longinquo
1152 1553 1251 1583 tem-

133 1610 224 1658 pore
242 1600 429 1638 observari
447 1601 597 1662 potuit..
588 1604 605 1629 9
634 1609 701 1640 aut
720 1601 911 1653 quomodo
926 1607 981 1638 est
999 1600 1135 1638 collata
1151 1599 1251 1637 inter

133 1651 248 1702 ipsos,
269 1667 356 1704 quae
374 1668 460 1706 pars
478 1655 636 1703 inimici,
664 1670 751 1707 quae
775 1669 863 1707 pars
887 1654 1099 1700 familiaris,
1128 1660 1247 1691 esset·
1234 1681 1249 1698 ,

135 1706 239 1756 quod
257 1707 404 1757 fissum,
424 1710 651 1760 periculum,
678 1710 783 1761 quod
807 1708 1052 1748 commodum
1078 1707 1249 1758 aliquod,

133 1760 369 1800 ostenderet.
360 1764 376 1790 9
406 1763 475 1800 An
493 1764 594 1801 haec
584 1772 681 1802 inter
693 1777 731 1802 33
744 1763 960 1814 haruspices
974 1761 1141 1809 Etrusci,
1154 1760 1251 1809 Elii,

136 1814 329 1865 AEgyptii,
357 1815 467 1854 Poeni
499 1818 763 1856 contulerunt.
754 1820 772 1843 9
818 1817 877 1854 At
906 1816 962 1865 id,
995 1822 1250 1867 praeterquam

137 1868 241 1919 quod
259 1869 341 1907 fieri
358 1881 435 1908 non
453 1871 591 1922 potuit,
613 1884 661 1909 ne
679 1871 773 1922 fingi
792 1870 947 1932 quidem
965 1877 1100 1921 potest.
1137 1870 1252 1907 Alios

135 1922 238 1959 enim
264 1923 338 1961 alio
359 1936 466 1963 more
490 1925 663 1963 videmus
690 1934 778 1963 exta
807 1924 1058 1985 interpretari,
1079 1936 1147 1962 nec
1173 1936 1253 1961 esse

134 1988 254 2014 unam
273 1977 448 2017 omnium
467 1979 721 2030 disciplinam.
768 1979 823 2017 Et
841 1986 952 2027 certe,
972 1977 1004 2016 si
1022 1987 1077 2016 est
1095 1977 1136 2015 in
1155 1977 1252 2016 extis

134 2029 264 2081 aliqua
277 2031 348 2080 vis,
372 2045 460 2084 quae
473 2033 635 2071 declaret
652 2033 798 2081 futura,
817 2045 965 2071 necesse
990 2039 1059 2081 est,
1081 2044 1166 2069 eam
1184 2038 1253 2069 aut

135 2095 225 2122 cum
249 2098 376 2124 rerum
394 2087 532 2125 natura.
556 2100 634 2126 esse
651 2088 909 2137 conjunctam,
931 2092 998 2124 aut
1022 2085 1252 2124 conformari

134 2138 302 2187 quodam
320 2140 435 2179 modo
452 2141 612 2179 numine
629 2141 816 2179 Deorum.
862 2141 992 2192 Atqui
1009 2139 1139 2178 divina
1157 2152 1249 2178 cum

137 2189 465 2246 [rerum1natura,
474 2195 581 2234 tanta
595 2202 751 2247 tamque
764 2195 1007 2247 praeclara,in
1019 2206 1150 2234 omnes
1163 2206 1252 2246 par-
