1470 2402
180 85 206 121 2
287 82 366 121 DE
394 82 815 133 DIVINATIONE,
845 84 947 124 Lm.
968 85 1002 124 Ι.
1024 84 1130 124 CAP.
1150 86 1190 123 2.

177 190 251 229 daei
264 194 359 234 (non
379 204 427 230 ex
441 192 544 241 artis,
566 192 630 231 sed
649 205 696 231 ex
715 193 852 243 gentis,
868 193 1052 232 vocabulo
1070 191 1298 239 nominati),

178 246 362 283 diuturna
391 247 649 285 observatione
677 247 857 295 siderum,
887 248 1083 286 scientiam
1112 254 1300 299 putantur

177 299 355 347 effecisse,
384 308 428 338 ut
450 300 603 351 praedici
622 309 760 352 posset,
785 302 879 353 quid
898 302 1036 353 cuique
1055 309 1297 347 eventurum,

177 361 214 391 et
247 366 323 405 quo
356 354 518 404 quisque
549 354 628 392 fato
661 363 773 393 natus
806 364 910 394 esset.
951 356 1143 394 Eamdem
1177 361 1299 393 artem

177 407 292 445 etiam
307 406 484 459 AEgyptii
502 408 780 460 longinquitate
799 416 1016 461 temporum
1035 407 1298 447 innumerabi-

175 461 276 499 libus
294 473 402 513 paene
425 462 570 500 saeculis
596 464 784 501 consecuti
810 472 1007 515 putantur.
1043 463 1209 502 Cilicum
1228 475 1298 500 au-

177 522 256 553 tem
284 522 321 553 et
348 515 564 554 Pisidarum
591 529 697 567 gens,
727 525 763 555 et
788 517 848 556 his
866 518 1030 555 finitima
1049 516 1297 568 Pamphylia,

176 569 336 620 (quibus
361 568 579 608 nationibus
598 570 823 621 praefuimus
842 572 938 623 ipsi)
959 572 1147 610 volatibus
1165 570 1296 609 avium

175 622 439 674 cantibusque,
468 631 512 661 ut
538 624 753 662 certissimis
783 626 914 676 signis,
944 625 1124 663 declarari
1149 638 1207 663 res
1236 623 1298 662 fu-

174 683 278 714 turas
297 684 446 727 putant.
487 677 618 725 Quam
640 691 726 716 vero
755 679 903 718 Graecia
929 679 1115 717 coloniam
1134 678 1239 717 misit
1255 677 1297 715 in

175 729 362 778 AEoliam,
396 730 564 777 Ioniam,
598 732 752 780 Asiam,
787 734 972 780 Siciliam,
1007 733 1178 781 Italiam,
1216 732 1298 771 sine

175 784 332 835 Pythio,
354 792 420 822 aut
439 784 651 833 Dodonaeo,
673 794 740 823 aut
766 786 999 825 Hammonis
1017 787 1201 826 oraculo?
1228 793 1296 824 aut

173 838 279 889 quod
302 838 449 876 bellum
474 848 692 891 susceptum
716 841 764 877 ab
784 841 829 879 eit
847 842 928 879 sine
946 841 1101 880 consilio
1120 841 1297 879 Deorum

173 901 229 930 est
243 895 261 931 Ρ

228 946 287 984 ΙΙ.
318 946 360 984 N
363 959 403 984 ec
427 959 551 984 unum
571 960 692 998 genus
711 954 766 986 est
785 948 1027 987 divinationis
1045 949 1198 1000 publice
1215 949 1295 1001 pri-

173 1000 369 1051 vatimque
401 1001 645 1038 celebratum.
698 1002 820 1050 Nam,
857 1011 900 1040 ut
932 1004 1107 1041 omittam
1143 1011 1294 1042 caeteros

170 1054 348 1105 populos,
377 1062 503 1092 noster
529 1068 647 1106 quam
670 1056 794 1093 multa
812 1069 950 1107 genera
969 1058 1190 1109 complexus
1210 1057 1290 1096 est!

171 1108 379 1159 Principio,
409 1109 526 1158 hujus
546 1110 650 1147 urbis
668 1122 818 1160 parens,
840 1110 1048 1157 Romulus,
1070 1124 1146 1150 non
1167 1112 1291 1150 solum

172 1162 367 1213 auspicato
386 1164 521 1200 urbem
541 1163 763 1209 condidisse,
794 1164 858 1201 sed
883 1164 963 1216 ipse
989 1166 1104 1203 etiam
1123 1166 1293 1217 optimus

170 1228 296 1267 augur
313 1216 443 1264 fuisse,
472 1217 645 1255 traditur.
694 1217 845 1256 Deinde
871 1219 1080 1270 auguribus
1098 1228 1137 1258 et
1154 1219 1293 1272 reliqui

166 1283 276 1321 reges
294 1270 377 1308 usi:
408 1280 459 1317 et,
480 1272 621 1309 exactis
639 1271 804 1322 regibus,
825 1273 923 1310 nihil
937 1274 1089 1324 publice
1114 1274 1194 1313 sine
1224 1287 1294 1312 au-

168 1324 294 1375 spiciis
326 1337 396 1362 nec
427 1324 531 1362 domi
562 1337 631 1364 nec
668 1326 816 1364 militiae
855 1329 1068 1378 gerebatur.
1112 1328 1294 1380 Cumque

166 1391 310 1429 magna
328 1379 385 1417 vis
404 1379 594 1417 videretur
613 1393 691 1418 esse
709 1388 746 1418 et
764 1381 804 1418 in
823 1381 1071 1432 impetrandis
1090 1383 1291 1422 consulen-

167 1431 302 1484 disque
328 1434 454 1481 rebus,
485 1441 523 1471 et
547 1434 587 1471 in
612 1435 791 1472 monstris
816 1435 1109 1487 interpretandis
1134 1451 1177 1475 ac
1201 1451 1290 1489 pro-

164 1487 356 1534 curandis,
373 1487 413 1525 in
432 1487 678 1540 haruspicum
698 1488 925 1540 disciplin313
947 1503 1103 1529 omnem
1118 1491 1218 1530 hanc
1238 1505 1287 1531 ex

166 1540 326 1579 Etruria
351 1541 547 1580 scientiam
566 1542 811 1591 adhibebant,
841 1557 889 1582 ne
907 1558 1028 1595 genus
1047 1553 1142 1584 esset
1161 1546 1289 1585 ullum

166 1594 424 1644 divinationis,
454 1597 558 1648 quod
584 1598 800 1648 neglectum
826 1600 874 1636 ab
899 1599 945 1636 iis
976 1599 1176 1638 videretur.
1216 1600 1286 1650 Et,

165 1661 253 1688 cum
280 1648 430 1688 duobus
459 1650 582 1688 modis
611 1651 745 1698 animi,
775 1652 854 1690 sine
879 1653 1024 1692 ratione
1051 1663 1088 1692 et
1118 1653 1286 1702 scientia,

165 1712 273 1742 motu
292 1703 367 1755 ipsi
385 1717 453 1742 suo
479 1706 602 1743 soluto
628 1714 665 1743 et
684 1706 803 1744 libero
822 1706 1093 1753 incitarentur3
1124 1720 1202 1746 uno
1225 1709 1287 1747 fu-

162 1765 283 1805 rente,
304 1758 421 1797 altero
441 1760 678 1805 somniante3
708 1759 845 1798 furoris
864 1761 1138 1801 divinationem
1158 1762 1287 1814 Sibyl-

163 1811 253 1849 linis
278 1812 448 1851 maxime
467 1814 635 1851 versibus
655 1814 836 1852 contineri
856 1816 1041 1863 arbitrati,
1068 1830 1201 1855 eorum
1220 1817 1287 1856 de-

164 1877 247 1904 cem
261 1866 483 1917 interpretes
496 1867 659 1906 delectos
675 1881 695 1905 e
715 1868 864 1907 civitate
879 1883 956 1908 esse
976 1871 1190 1910 voluerunt.
1219 1871 1286 1910 Ex

161 1932 240 1971 quo
269 1932 405 1970 genere
434 1934 532 1972 saepe
562 1921 795 1960 hariolorum
822 1923 938 1961 etiam
966 1931 1003 1962 et
1030 1932 1162 1963 vatum
1188 1924 1286 1963 furi-

161 1973 311 2012 bundas
341 1975 601 2025 praedictiones
629 1980 701 2021 (ut,
735 1976 947 2016 Octaviano
972 1979 1088 2022 bello,
1117 1979 1285 2017 Cornelii

161 2027 344 2075 Culleoli)
374 2029 581 2067 audiendas
609 2038 850 2080 putaverunt.
900 2032 939 2070 N
943 2045 984 2070 ec
1017 2045 1105 2071 vero
1137 2032 1286 2071 somnia

160 2082 348 2133 graviora,
365 2083 396 2121 si
415 2097 502 2135 quae
516 2083 565 2121 ad
579 2084 856 2135 rempublicam
874 2086 1062 2137 pertinere
1080 2087 1160 2125 visa
1178 2094 1283 2134 sunt,

158 2149 183 2173 a
211 2149 364 2175 summo
396 2137 552 2176 consilio
583 2139 755 2189 neglecta
786 2148 886 2178 sunt.
931 2140 1172 2190 Quinetiam,
1201 2153 1285 2179 me-

157 2190 282 2231 moria
306 2191 449 2240 nostra,
478 2191 669 2243 templum
694 2192 863 2233 Junonis
889 2194 1050 2248 Sospitae
1077 2195 1125 2233 L.
1146 2195 1280 2234 Julius
