1470 2402
410 91 489 132 DE
518 91 696 140 FATO,
725 91 833 131 CAP.
859 91 922 129 16;
1156 87 1234 126 123

106 212 197 252 que,
212 213 301 252 quae
315 201 365 240 ad
379 201 654 240 divinationem
668 201 874 253 pertinent,
891 199 1138 250 comprobare
1151 209 1164 241 3
1192 195 1239 234 iis

106 261 252 303 autem,
274 255 356 307 qui,
376 270 464 308 quae
483 256 616 294 futura
634 264 738 302 sunt,
755 269 800 294 ea
818 268 907 294 vera
921 266 1000 293 esse
1019 266 1068 290 ex
1087 250 1237 289 aeterni-

107 314 185 346 tate
203 308 350 359 dicunt,
377 323 456 349 non
481 311 584 349 idem
609 310 815 348 dicendum
843 317 924 354 est3
955 307 1056 350 vide,
1084 318 1132 343 ne
1157 317 1236 342 non

105 362 240 402 eadem
260 365 309 403 sit
326 365 484 404 illorum
502 378 617 403 causa
635 372 673 403 et
691 365 921 403 Stoicorum.
963 362 1022 400 Hi
1048 359 1151 399 enim
1171 372 1237 396 ur-

105 424 246 468 gentur
264 420 490 470 angustiu53
520 419 677 458 illorum
700 418 797 457 ratio
816 418 942 456 soluta
964 430 1008 455 ac
1027 416 1148 453 libera
1167 420 1235 451 est.

107 471 227 519 Quod
245 473 278 512 si
302 473 544 522 concedatur,
573 473 672 511 nihil
696 486 805 525 posse
831 472 996 519 evenire,
1024 469 1098 508 nisi
1124 467 1239 506 causa

105 527 351 567 antecedente
368 543 380 575 ς
412 528 507 580 quid
538 528 774 580 proficiatur,
807 527 838 565 si
869 539 913 565 ea
941 538 1054 564 causa
1081 535 1160 562 non
1190 535 1238 560 ex

105 581 257 620 aeternis
286 583 410 622 causis
439 590 530 635 apta
561 582 710 621 dicatur
724 585 742 621 ?
785 581 912 620 Causa
937 588 1068 618 autem
1093 591 1137 616 ea
1168 584 1238 624 est,

105 648 195 686 quae
220 636 261 674 id
287 637 415 684 efficit,
443 638 553 687 cujus
579 645 634 676 est
660 650 798 683 causa3
829 643 875 674 ut
899 635 1055 681 vulnus,
1076 631 1237 677 mortis3

105 689 288 739 cruditas,
308 691 460 738 morbi3
490 691 605 743 ignis,
622 692 777 730 ardoris.
808 691 949 741 Itaque
960 701 1039 727 non
1053 687 1106 726 sic
1125 699 1241 724 causa

106 742 273 796 intelligi
291 745 419 794 debet,
439 754 497 795 ut,
515 746 619 798 quod
635 746 773 798 cuique
792 743 1003 792 antecedat,
1019 742 1060 780 id
1079 741 1114 780 ei
1128 753 1242 778 causa

104 797 168 848 sit,
189 799 255 838 sed
273 800 379 852 quod
393 800 532 852 cuique
552 800 756 839 efficienter
775 798 995 837 antecedat:
1028 809 1112 844 nec,
1133 793 1240 847 quod

107 852 148 890 in
168 852 367 906 Campum
392 854 667 903 descenderim,
693 855 734 892 id
760 854 877 892 fuisse
903 865 1042 899 causae,
1067 863 1135 889 cur
1161 846 1242 900 pila

105 907 280 946 luderem
294 923 306 955 ς
338 922 407 949 nec
423 910 630 948 Hecubam
649 921 804 948 causam
819 907 993 946 interitus
1007 905 1125 943 fuisse
1139 904 1242 942 Tro-

104 962 220 1011 janis,
241 963 346 1014 quod
364 964 639 1003 Alexandrum
662 962 863 1014 genuerit3
895 974 965 999 nec
984 959 1242 1012 Tyndareum

106 1017 412 1068 Agamemnoni,
429 1018 534 1070 quod
549 1018 898 1070 Clytaenmestram.
930 1016 1020 1054 Hoc
1035 1014 1137 1052 enim
1157 1025 1243 1050 mo·

105 1070 170 1121 d0,
187 1071 308 1111 viator
322 1086 478 1125 quoque
491 1074 589 1111 bene
604 1072 762 1112 vestitus
781 1084 896 1110 causa
911 1068 1115 1121 grassatori
1126 1067 1244 1106 fuisse

104 1124 266 1219 ὥοεὲυι,
287 1140 355 1166 cur
373 1129 423 1167 ab
441 1140 486 1167 eo
505 1128 744 1180 spoliaretur.
786 1125 853 1165 Ex
879 1125 953 1164 hoc
977 1135 1116 1176 genere
1143 1120 1244 1160 illud

104 1186 162 1219 est
218 1181 315 1232 nnii,

162 1258 192 1279 “
212 1257 378 1296 Utinam
396 1270 459 1306 ne,
479 1258 521 1296 in
541 1270 698 1296 nemore
717 1256 843 1306 Pelio,
860 1254 1055 1294 securibus

159 1310 283 1362 Caesa,
303 1313 496 1352 cecidisset
514 1313 678 1365 abiegna
696 1311 746 1350 ad
765 1319 907 1350 terram
922 1311 1049 1348 trabes
1065 1307 1108 1346 !'’

106 1394 238 1435 Licuit
267 1396 329 1436 vel
357 1397 488 1445 altius,
520 1399 548 1420 “
569 1397 734 1436 Utinam
759 1409 808 1434 ne
838 1396 879 1434 in
906 1395 1016 1433 Pelio
1043 1400 1134 1431 nata
1161 1392 1246 1431 ulla

103 1462 280 1503 unquam
308 1459 404 1491 esset
432 1453 545 1490 arbor
566 1451 608 1490 !''
638 1452 756 1490 etiam
786 1464 918 1503 supra,
951 1452 980 1471 ‘⁶
1002 1448 1167 1487 Utinam
1196 1459 1246 1486 ne

104 1513 201 1544 oeset
218 1518 330 1545 mons
349 1506 454 1545 ullus
474 1506 607 1545 Pelius
623 1506 665 1544 !'’
695 1505 952 1558 similiterque
971 1502 1169 1556 superiora
1187 1514 1247 1540 re-

105 1567 301 1612 petentem
319 1561 469 1613 regredi
487 1560 638 1600 infinite
656 1560 757 1599 licet.

160 1637 191 1659 “
211 1636 322 1675 Neve
339 1636 431 1676 inde
449 1636 560 1676 navis
577 1635 804 1676 inchoandae
818 1634 1022 1674 exordium

162 1689 390 1744 Coepisset.”

104 1780 306 1831 Quorsum
324 1781 408 1821 haec
425 1782 646 1834 praeterita‘?
676 1782 770 1834 quia
788 1780 962 1833 sequitur
980 1778 1095 1826 illud,

162 1860 192 1882 ‘⁶
213 1857 322 1897 Nam
347 1871 553 1910 nunquam
578 1858 672 1897 hera
690 1870 820 1897 errans
838 1870 940 1905 mea,
961 1856 1078 1894 domo
1097 1853 1245 1893 efferret

325 1912 480 1964 pedem,

160 1965 319 2017 Medea,
339 1968 471 2006 animo
490 1980 606 2019 aegro,
627 1979 758 2006 amore
777 1979 877 2006 saevo
897 1963 1076 2012 saucia;'’

107 2068 202 2105 non,
223 2064 268 2095 ut
287 2070 342 2096 eae
359 2071 419 2096 res
438 2068 595 2096 causam
614 2056 794 2095 afferrent
813 2055 966 2094 amoris.

165 2111 287 2150 XVI.
309 2112 499 2151 Interesse
512 2119 646 2150 autem
660 2111 785 2160 aiunt,
798 2110 932 2148 utrum
947 2105 1139 2159 ejusmodi
1153 2103 1249 2156 quid

110 2164 176 2215 sit,
196 2165 279 2204 sine
305 2180 384 2219 quo
407 2166 557 2219 aliquid
583 2165 681 2204 effici
706 2178 785 2204 non
809 2163 944 2216 possit,
970 2175 1021 2201 an
1047 2157 1253 2212 ejusmodi,

113 2233 195 2272 quo
212 2220 362 2274 aliquid
381 2221 478 2262 effici
498 2233 648 2262 necesse
667 2220 729 2260 sit.
765 2219 891 2260 Nulla
909 2218 1028 2271 igitur
1046 2227 1181 2256 earum
1200 2218 1256 2252 est
