1470 2402
195 92 273 132 DE
302 91 719 141 DIVINATIONE,
739 89 840 130 Lm.
862 88 896 129 1.
917 87 1023 128 CAP.
1045 86 1112 126 51.
1161 85 1214 124 45

162 204 191 224 “
212 201 405 250 Versibu’,
426 215 521 254 quos
540 201 633 240 olim
653 198 779 240 Fauni
797 204 976 250 vatesque
995 193 1222 237 canebant.”

107 309 290 348 Similiter
315 309 487 348 Marcius
506 317 543 348 et
562 309 761 347 Publicius
779 315 882 347 vates
901 307 1076 346 cecinisse
1088 305 1223 344 dicun-

108 374 198 402 tur:
229 377 305 416 quo
335 377 356 402 e
384 377 533 415 genere,
567 363 761 414 Apollinis
792 370 921 413 operta
949 361 1096 413 prolata
1121 366 1222 398 sunt.

110 417 233 456 Credo
252 418 367 456 etiam
381 417 570 456 anhelitus
583 417 768 468 quosdam
787 417 903 455 fuisse
920 424 1122 463 terrarum,
1138 413 1225 466 qui-

109 473 181 510 bus
198 471 339 510 inflatae
356 480 502 510 mentes
521 472 673 510 oracula
691 471 905 509 funderent.

165 526 237 564 LI.
266 530 400 577 Atque
418 527 499 564 haec
518 526 674 578 quidem
693 533 825 563 vatum
843 524 938 562 ratio
951 530 1030 569 estg
1060 535 1128 560 nec
1147 520 1224 560 dis-

109 579 243 618 similis
261 593 349 619 sane
367 580 613 618 somniorum.
649 580 771 627 Nam,
793 592 879 630 quae
898 552 1143 629 vigilantibus
1162 588 1224 614 ac-

111 633 244 672 01111101
273 634 436 682 vatibus,
471 634 603 672 eadem
636 633 744 671 nobis
773 633 1059 671 dormientibus.
1106 631 1145 668 V
1148 631 1227 681 1801

110 687 214 726 enim
232 688 383 726 animus
400 689 440 726 in
461 687 616 735 somnis,
636 688 807 739 liberque
833 686 1016 733 sensibus,
1048 698 1091 724 ac
1120 684 1227 723 omni

112 741 360 793 impeditione
385 755 577 790 0111311110,
605 743 752 791 jacente
782 750 818 780 et
841 748 992 779 mortuo
1019 751 1128 791 paene
1146 751 1228 776 cor-

112 809 215 848 pore.
258 795 354 845 Qui,
382 797 472 848 quia
491 797 586 834 vixit
604 797 652 834 ab
671 796 777 834 omni
802 795 1021 841 aeternitate,
1042 800 1228 832 versatus-

112 863 189 901 que
208 857 263 888 est
281 863 370 889 cum
388 850 731 889 innumerabilibus
746 849 897 896 animis,
918 848 1060 896 omnia,
1082 860 1168 899 quae
1185 846 1227 884 in

111 904 251 942 natura
274 917 402 942 rerum
428 912 530 953 sunt,
558 904 674 965 videt,
697 904 727 942 51
752 904 866 941 1110ᾱο
892 902 1108 962 temperatis
1137 900 1229 939 escis

111 957 345 1009 modicisque
363 959 580 1010 potionibus
599 958 652 995 ita
671 965 725 995 est
743 957 912 1004 affectus,
928 965 986 1003 ut,
1009 956 1129 1007 sopito
1148 967 1230 994 cor-

112 1025 218 1064 pore,
238 1012 318 1064 ipse
336 1012 478 1064 vigilet.
509 1013 607 1050 Haec
621 1012 842 1050 somniantis
854 1019 909 1049 est
927 1010 1121 1048 divinatio.

168 1065 250 1104 Hic
267 1079 408 1117 magna
422 1067 600 1117 quaedam
619 1065 799 1114 exoritur,
820 1078 955 1126 neque·
963 1077 1006 1103 ea
1030 1063 1230 1113 naturalis,

113 1119 180 1158 sed
198 1120 410 1168 artificiosa,
431 1121 667 1159 somniorum
678 1119 931 1171 Antiphontis
945 1118 1227 1180 interpretatio·
1215 1146 1229 1163 ,

112 1173 322 1225 eodemque
357 1174 472 1212 modo
503 1182 539 1213 et
567 1175 807 1213 oraculorum
839 1182 876 1212 et
904 1172 1231 1212 vaticinationum.

112 1228 213 1266 Sunt
242 1228 345 1266 enim
375 1229 650 1280 explanatores,
681 1236 725 1266 ut
748 1227 987 1279 grammatici
1016 1230 1231 1278 poetarum.

112 1281 233 1329 Nam,
242 1289 286 1320 ut
297 1295 435 1320 aurum
447 1290 483 1320 et
494 1290 710 1334 argentum,
725 1296 788 1328 aes,
802 1282 960 1329 ferrum,
969 1281 1108 1319 frustra
1120 1288 1233 1318 natu-

113 1349 157 1374 ra
168 1336 297 1374 divina
310 1337 513 1388 genuisset,
533 1337 606 1375 nisi
621 1337 753 1376 eadem
768 1336 967 1383 docuisset,
984 1335 1234 1387 quemadmo-

114 1389 210 1428 dum
224 1390 274 1428 ad
292 1403 424 1430 eorum
443 1403 556 1430 venas
570 1391 828 1443 perveniretur
841 1404 852 1435 3
883 1403 952 1429 nec
966 1390 1093 1440 fruges
1108 1396 1232 1438 terrae,

114 1445 294 1484 baccas-ve
313 1447 505 1506 arborum,
526 1458 616 1484 cum
634 1445 796 1483 utilitate
814 1445 894 1482 ulla
914 1444 1043 1495 generi
1061 1443 1234 1482 humano

115 1498 290 1547 dedisset,
311 1499 385 1537 nisi
403 1512 534 1537 earum
554 1500 678 1538 cultus
698 1508 734 1538 et
749 1499 979 1538 conditiones
993 1497 1232 1543 tradidissetg

115 1553 320 1591 materiave
345 1553 439 1605 quid
460 1555 626 1602 juvaret,
647 1554 720 1592 nisi
745 1552 987 1592 confectionis
1006 1553 1087 1602 ejus
1115 1551 1235 1590 fabri-

118 1619 203 1645 cam
221 1606 472 1652 haberemus,
503 1608 568 1655 510,
589 1621 678 1646 01110
704 1608 810 1646 omni
834 1607 999 1645 utilitate
1022 1619 1140 1658 quam
1163 1604 1234 1644 Dii

116 1660 338 1700 hominibus
369 1661 568 1709 dederunt,
589 1675 649 1700 ars
682 1662 811 1713 aliqua
843 1662 1046 1722 conjuncta
1070 1667 1138 1707 est,
1165 1672 1235 1720 per

119 1727 240 1776 quam
257 1714 324 1752 illa
342 1716 485 1754 utilitas
503 1716 645 1767 percipi
663 1716 790 1767 possit.
821 1716 842 1754 I
845 1723 923 1753 tem
936 1715 1053 1766 1811111
1065 1713 1235 1761 5011111115,

120 1768 465 1817 vaticinationibus,
489 1771 663 1817 oraculis,
688 1769 809 1821 (quod
831 1777 939 1808 erant
956 1768 1080 1806 multa
1099 1769 1232 1806 obscu-

117 1835 175 1870 ra,
197 1823 321 1861 multa
339 1823 537 1875 ambigua)
557 1824 840 1876 explanationes
863 1822 1042 1862 adhibitae
1067 1829 1156 1860 sunt
1176 1821 1236 1859 in-

119 1883 343 1927 terpretum.

175 1931 268 1979 Quo
285 1930 399 1969 modo
419 1938 548 1969 autem
572 1940 639 1970 aut
656 1940 759 1971 vates
787 1939 853 1970 aut
871 1930 1100 1971 somniantes
1119 1943 1164 1969 ea
1182 1930 1239 1969 vi-

120 1983 249 2034 daent,
270 1998 357 2036 quae
374 1998 566 2037 nusquam
585 1987 700 2025 etiam
718 1994 809 2025 tunc
824 1985 911 2035 sint,
924 1997 1066 2037 magna
1080 1985 1240 2037 quastio

120 2046 188 2077 est.
217 2039 308 2087 Sed,
328 2041 524 2091 explorata
537 2040 569 2078 si
583 2040 657 2078 sint
672 2054 715 2079 ea
726 2054 813 2092 quae
826 2049 914 2079 ante
928 2039 1048 2091 quaeri
1059 2039 1236 2088 debeant,

115 2092 199 2130 sint
223 2092 318 2141 haec,
338 2107 426 2145 quae
453 2094 674 2145 quaerimus,
700 2095 880 2133 faciliora.
928 2093 1109 2133 Continet
1135 2093 1240 2132 enim

121 2153 244 2184 totam
261 2146 360 2186 hanc
377 2148 627 2200 quaestionem
646 2162 690 2187 ea
707 2149 818 2197 ratio,
845 2162 932 2200 quae
957 2156 1013 2187 est
1031 2147 1079 2186 de
1100 2147 1240 2186 natura

125 2199 315 2251 Deorum,
334 2214 421 2254 quae
439 2215 463 2241 a
480 2210 518 2241 10
536 2202 701 2244 secundo
723 2203 822 2244 libro
849 2211 905 2243 aet
929 2201 1118 2255 explicata
1139 2201 1242 2243 dilu-
