1470 2402
221 71 304 110 384
486 70 565 110 DE
594 70 895 120 AMICITIA,
909 70 1016 112 CAP.
1040 72 1102 111 15.

221 188 282 220 est
312 179 489 219 amicitiae
521 180 607 219 fons
631 194 655 219 a
683 180 822 219 natura
846 181 1085 221 constitutus.
1113 179 1191 221 Sed
1215 180 1349 221 eadem

226 234 376 275 bonitas
405 235 520 273 etiam
551 235 600 273 ad
632 235 923 275 multitudinem
954 235 1130 297 pertinet.
1170 235 1264 274 Non
1293 244 1350 275 (st

224 290 333 328 enirn
364 289 579 328 inhumana
607 289 740 337 vii-tus,
762 303 886 343 neque
913 290 1108 338 immanis,
1131 302 1257 352 neque
1284 303 1348 329 su-

226 346 371 406 perba;
402 357 489 396 quae
515 345 630 383 etiam
659 345 822 396 populos
851 345 1046 383 universos
1077 344 1190 392 tueri,
1220 343 1351 396 eisque

227 399 374 450 optime
392 399 600 443 consulere,
622 399 762 437 soleat:
794 399 899 451 quod
916 411 994 438 nou
1014 398 1151 438 faceret
1168 398 1352 450 profecto,

226 453 261 491 si
280 466 303 491 a
322 453 476 491 caritate
495 453 602 504 vulgi
620 453 849 492 abhorreret.

283 508 420 559 Atque
448 507 564 546 etiam
590 507 688 545 mihi
707 508 864 559 quidem
883 507 1074 556 videntur,
1095 507 1164 560 qui
1181 506 1357 547 utilitatis

228 562 345 608 causa
363 562 516 612 fingunt
536 562 735 609 amicitias,
756 563 1075 602 amabilissimum
1094 561 1240 601 nodum
1259 562 1358 600 ami-

230 616 329 655 citiae
348 616 490 654 tollere.
540 616 633 654 Non
652 617 755 654 enim
776 625 855 655 tam
874 617 1019 655 utilitas
1037 624 1147 668 parta
1164 629 1232 668 per
1259 616 1358 655 ami-

231 683 338 717 cum,
359 684 479 722 quam
494 671 608 709 amici
626 684 735 709 amor
748 672 842 723 ipse,
863 671 1048 710 delectat:
1081 679 1242 723 tumque
1260 669 1359 709 illud

231 725 290 771 fit,
311 725 416 776 quod
435 726 484 763 ab
504 725 627 763 amieo
646 734 701 764 est
719 725 947 777 profectum,
965 724 1198 775 jucundum,
1219 724 1251 763 si
1269 728 1360 764 cum

233 779 360 818 studio
380 787 436 818 est
460 779 701 830 profectum·
733 787 962 832 tantumque
972 781 1108 842 abest,-
1121 787 1166 818 ut
1183 779 1361 818 amicitiae

231 842 389 895 propter
407 833 661 885 indigentiam
681 835 869 882 colantur,
899 842 943 873 ut
969 834 1012 880 ii,
1042 833 1125 886 qui,
1153 833 1292 885 opibus
1323 840 1361 872 et

235 888 368 940 copiis,
384 889 631 950 maximeque
652 889 790 927 virtute
809 889 960 940 praediti
974 888 1029 931 (in
1050 901 1130 940 qua
1147 887 1363 940 plurimum

236 950 291 981 est
310 941 508 994 prmdii),
530 943 691 981 minime
710 943 864 982 alterius
882 943 1093 995 indigeant,
1109 941 1365 981 liberalissimi

238 996 329 1043 sint,
351 1004 388 1035 et
399 997 742 1036 beneficentissimi.
772 998 907 1050 Atque
924 997 1031 1035 haud
1042 997 1132 1044 scio,
1146 1009 1195 1035 an
1207 1009 1256 1034 ne
1269 1009 1367 1048 opus

236 1050 288 1089 sit
303 1050 474 1103 quidem,
491 1051 589 1089 nihil
604 1065 779 1114 unquam
798 1052 956 1091 omnino
971 1051 1098 1090 deesse
1113 1050 1256 1089 amicis.
1286 1051 1369 1090 Ubi

239 1105 344 1144 enim
364 1105 490 1144 studia
515 1114 642 1144 nostra
666 1106 890 1172 viguissent,
914 1106 946 1144 si
967 1118 1170 1157 nunquam
1196 1104 1368 1152 consilio,

239 1171 444 1211 nunquam
464 1173 578 1212 opera
596 1159 737 1207 nostra,
758 1174 827 1199 nec
855 1160 961 1199 domi
978 1172 1048 1198 nec
1062 1159 1225 1205 militiae,
1241 1159 1369 1210 Scipio

241 1213 438 1265 eguisset?
469 1215 562 1253 Non
581 1215 698 1265 igitur
718 1215 925 1253 utilitatem
944 1213 1126 1262 amicitia,
1147 1212 1213 1252 sed
1226 1213 1372 1253 utilitas

244 1266 470 1316 amicitiam,
491 1277 692 1307 consecuta
710 1276 777 1308 est.

298 1321 392 1360 XV.
425 1323 517 1361 Non
537 1336 626 1374 ergo
655 1331 766 1362 erunt
790 1323 965 1362 homines
987 1322 1132 1362 deliciis
1150 1321 1369 1361 diffluentes

242 1372 439 1423 audiendi,
467 1377 499 1415 si
517 1377 672 1439 quando
695 1378 742 1416 de
764 1377 947 1423 amicitia,
975 1390 1094 1430 quam
1116 1390 1186 1416 nec
1204 1390 1278 1415 usu
1302 1388 1374 1414 nec

244 1430 390 1469 ratione
401 1431 544 1470 habent
559 1432 766 1483 cognitam,
783 1432 1048 1483 disputabunt,
1079 1432 1186 1470 Nam
1200 1430 1287 1483 quis
1301 1437 1372 1478 est,
1419 1477 1426 1487 ν

246 1488 334 1537 (pro
354 1483 485 1524 Deum
505 1485 635 1533 fidem,
657 1495 772 1539 atque
798 1486 1003 1525 hominum
1037 1487 1067 1534 ἔ)
1097 1485 1164 1538 qui
1193 1485 1298 1534 velit,
1329 1492 1375 1522 ιιι

250 1552 377 1591 neque
397 1538 534 1592 diligat
552 1554 804 1593 quemquam,
821 1553 891 1580 nec
909 1541 990 1593 ipse
1008 1542 1057 1580 ab
1076 1540 1158 1579 ullo
1175 1539 1373 1601 diligatur,
1389 1544 1394 1548 '

247 1593 512 1633 circumfluere
538 1595 717 1634 omnibus
746 1595 877 1646 copiis,
898 1604 1014 1647 atque
1045 1595 1086 1633 in
1109 1594 1287 1633 omnium
1315 1605 1375 1631 re-

249 1661 338 1686 rum
357 1648 595 1687 abundanti-:i
614 1663 676 1687 vii
679 1663 762 1688 ere
752 1651 770 1677 9
802 1649 899 1687 Haec
921 1650 1024 1688 enim
1047 1657 1103 1688 est
1121 1657 1375 1700 tyrannorum

249 1702 354 1747 vita3
385 1702 424 1739 in
439 1716 517 1754 qua
536 1703 721 1741 nimirum
740 1703 850 1746 nulla
868 1703 975 1750 fides,
995 1704 1104 1741 nulla
1118 1703 1266 1750 caritas,
1286 1701 1377 1740 nul-

248 1756 289 1794 la
317 1756 461 1794 stabilis
487 1757 764 1799 benevolentia
788 1765 912 1810 potest
937 1771 1016 1797 esse
1044 1757 1208 1796 fiducia:
1245 1755 1378 1794 omnia

250 1823 402 1872 semper
421 1820 608 1865 suspecta,
629 1820 745 1864 atque
767 1812 952 1853 sollicita.
983 1811 1116 1851 nullus
1144 1811 1252 1850 locus
1280 1809 1379 1848 ami-

253 1864 365 1903 citiae-

308 1918 410 1967 Quis
429 1919 533 1958 enim
552 1928 619 1958 aut
638 1934 729 1961 eum
743 1920 880 1973 diligat
894 1934 1012 1973 quem
1031 1919 1184 1967 metuit,
1204 1926 1272 1957 aut
1290 1930 1381 1957 eum

253 1986 278 2010 a
303 1985 381 2024 quo
401 1986 440 2011 se
461 1975 583 2012 metui
601 1983 712 2026 putat
729 1977 747 2017 ἲ
778 1976 969 2014 Coluntur
985 1984 1112 2014 tamen
1139 1972 1383 2012 simulatione

254 2026 446 2065 duntaxat
457 2027 506 2067 ad
521 2036 686 2080 tempus.
715 2029 837 2079 Quod
848 2030 880 2068 si
893 2029 990 2068 forte
1006 2033 1067 2072 (ut
1080 2028 1125 2066 fit
1136 2028 1384 2089 plerumque)

255 2079 475 2130 ceciderint,
495 2089 579 2120 tum
595 2080 838 2135 intelligitur,
857 2097 977 2136 quam
991 2082 1156 2122 fuerint·
1145 2093 1278 2133 inopes
1288 2079 1387 2118 ami-

256 2146 416 2173 corum:
447 2135 552 2188 quod
576 2137 840 2190 Tarquinium
863 2137 1004 2177 dixisse
1034 2137 1178 2183 ferunt,
1210 2135 1391 2174 exsulan-

259 2196 340 2228 tem
360 2201 400 2229 se
418 2188 668 2242 intellexisse,
687 2205 786 2245 quos
805 2191 904 2233 fidos
920 2191 1063 2233 amicos
1077 2189 1287 2240 habuisset,
1299 2199 1397 2241 quo·
