<?xml version="1.0" encoding="UTF-8"?>
<!DOCTYPE html PUBLIC "-//W3C//DTD XHTML 1.0 Transitional//EN"
    "http://www.w3.org/TR/xhtml1/DTD/xhtml1-transitional.dtd">
<html xmlns="http://www.w3.org/1999/xhtml" xml:lang="en" lang="en">
 <head>
  <title>
</title>
<meta http-equiv="Content-Type" content="text/html;charset=utf-8" />
  <meta name='ocr-system' content='tesseract 3.04.00' />
  <meta name='ocr-capabilities' content='ocr_page ocr_carea ocr_par ocr_line ocrx_word'/>
</head>
<body>
  <div class='ocr_page' id='page_1' title='image "./operaern04ciceuoft_0031.png"; bbox 0 0 1470 2402; ppageno 0'>
   <div class='ocr_carea' id='block_1_1' title="bbox 269 106 1298 166">
    <p class='ocr_par' dir='ltr' id='par_1_1' title="bbox 269 106 1298 166">
     <span class='ocr_line' id='line_1_1' title="bbox 269 106 1298 166; baseline 0.002 -19"><span class='ocrx_word' id='word_1_1' title='bbox 269 106 348 148; x_wconf 84' lang='lat' dir='ltr'>DE</span> <span class='ocrx_word' id='word_1_2' title='bbox 369 106 794 154; x_wconf 77' lang='lat' dir='ltr'>DIVINATIONE,</span> <span class='ocrx_word' id='word_1_3' title='bbox 818 106 918 146; x_wconf 76' lang='lat' dir='ltr'>Lm.</span> <span class='ocrx_word' id='word_1_4' title='bbox 938 107 971 146; x_wconf 95' lang='lat'>1.</span> <span class='ocrx_word' id='word_1_5' title='bbox 992 107 1101 166; x_wconf 47' lang='lat' dir='ltr'>CA).</span> <span class='ocrx_word' id='word_1_6' title='bbox 1118 110 1185 148; x_wconf 83' lang='lat'>21.</span> <span class='ocrx_word' id='word_1_7' title='bbox 1249 111 1298 156; x_wconf 88' lang='lat'>17</span> 
     </span>
    </p>
   </div>
   <div class='ocr_carea' id='block_1_2' title="bbox 155 216 1304 2216">
    <p class='ocr_par' dir='ltr' id='par_1_2' title="bbox 157 216 1300 312">
     <span class='ocr_line' id='line_1_2' title="bbox 157 216 1300 270; baseline 0.003 -13"><span class='ocrx_word' id='word_1_8' title='bbox 157 217 358 257; x_wconf 80' lang='lat' dir='ltr'>historiam</span> <span class='ocrx_word' id='word_1_9' title='bbox 376 218 688 270; x_wconf 68' lang='lat' dir='ltr'>perverterim-us,</span> <span class='ocrx_word' id='word_1_10' title='bbox 708 216 845 255; x_wconf 88' lang='lat' dir='ltr'>multis</span> <span class='ocrx_word' id='word_1_11' title='bbox 871 217 1020 256; x_wconf 79' lang='lat' dir='ltr'>saeculis</span> <span class='ocrx_word' id='word_1_12' title='bbox 1039 230 1156 257; x_wconf 84' lang='lat' dir='ltr'><strong>verax</strong></span> <span class='ocrx_word' id='word_1_13' title='bbox 1183 218 1300 260; x_wconf 85' lang='lat' dir='ltr'>fuisse</span> 
     </span>
     <span class='ocr_line' id='line_1_3' title="bbox 157 272 433 312; baseline -0.007 0"><span class='ocrx_word' id='word_1_14' title='bbox 157 272 199 311; x_wconf 84' lang='lat' dir='ltr'>id</span> <span class='ocrx_word' id='word_1_15' title='bbox 217 272 433 312; x_wconf 86' lang='lat' dir='ltr'>oraculum.</span> 
     </span>
    </p>

    <p class='ocr_par' dir='ltr' id='par_1_3' title="bbox 155 327 1304 1245">
     <span class='ocr_line' id='line_1_4' title="bbox 214 327 1302 368; baseline 0.002 -2"><span class='ocrx_word' id='word_1_16' title='bbox 214 327 312 366; x_wconf 87' lang='lat' dir='ltr'>XX.</span> <span class='ocrx_word' id='word_1_17' title='bbox 342 327 419 367; x_wconf 89' lang='lat' dir='ltr'>Sed</span> <span class='ocrx_word' id='word_1_18' title='bbox 438 327 664 366; x_wconf 88' lang='lat' dir='ltr'>omittamus</span> <span class='ocrx_word' id='word_1_19' title='bbox 683 327 861 365; x_wconf 84' lang='lat' dir='ltr'>oracula:</span> <span class='ocrx_word' id='word_1_20' title='bbox 894 327 1095 365; x_wconf 87' lang='lat' dir='ltr'>veniamus</span> <span class='ocrx_word' id='word_1_21' title='bbox 1123 328 1172 366; x_wconf 89' lang='lat' dir='ltr'>ad</span> <span class='ocrx_word' id='word_1_22' title='bbox 1199 342 1302 368; x_wconf 91' lang='lat' dir='ltr'>som-</span> 
     </span>
     <span class='ocr_line' id='line_1_5' title="bbox 159 381 1304 434; baseline 0.003 -13"><span class='ocrx_word' id='word_1_23' title='bbox 159 382 249 421; x_wconf 86' lang='lat' dir='ltr'>nia:</span> <span class='ocrx_word' id='word_1_24' title='bbox 280 382 328 421; x_wconf 89' lang='lat' dir='ltr'>de</span> <span class='ocrx_word' id='word_1_25' title='bbox 347 382 490 434; x_wconf 89' lang='lat' dir='ltr'>quibus</span> <span class='ocrx_word' id='word_1_26' title='bbox 509 381 710 434; x_wconf 80' lang='lat' dir='ltr'>disputans</span> <span class='ocrx_word' id='word_1_27' title='bbox 731 381 989 433; x_wconf 85' lang='lat' dir='ltr'>Chrysippus,</span> <span class='ocrx_word' id='word_1_28' title='bbox 1010 382 1145 420; x_wconf 86' lang='lat' dir='ltr'>multis</span> <span class='ocrx_word' id='word_1_29' title='bbox 1165 391 1202 422; x_wconf 89' lang='lat' dir='ltr'>et</span> <span class='ocrx_word' id='word_1_30' title='bbox 1229 386 1304 423; x_wconf 92' lang='lat' dir='ltr'>mi-</span> 
     </span>
     <span class='ocr_line' id='line_1_6' title="bbox 159 435 1298 490; baseline 0.002 -14"><span class='ocrx_word' id='word_1_31' title='bbox 159 437 264 476; x_wconf 89' lang='lat' dir='ltr'>nutis</span> <span class='ocrx_word' id='word_1_32' title='bbox 279 436 436 476; x_wconf 90' lang='lat' dir='ltr'>somniis</span> <span class='ocrx_word' id='word_1_33' title='bbox 451 436 690 488; x_wconf 77' lang='lat' dir='ltr'>colligendis,</span> <span class='ocrx_word' id='word_1_34' title='bbox 707 435 798 474; x_wconf 85' lang='lat' dir='ltr'>facit</span> <span class='ocrx_word' id='word_1_35' title='bbox 812 435 930 484; x_wconf 81' lang='lat' dir='ltr'>idem,</span> <span class='ocrx_word' id='word_1_36' title='bbox 949 437 1055 488; x_wconf 92' lang='lat' dir='ltr'>quod</span> <span class='ocrx_word' id='word_1_37' title='bbox 1073 438 1298 490; x_wconf 79' lang='lat' dir='ltr'>Antipater,</span> 
     </span>
     <span class='ocr_line' id='line_1_7' title="bbox 159 490 1302 544; baseline 0.002 -14"><span class='ocrx_word' id='word_1_38' title='bbox 159 505 205 530; x_wconf 71' lang='lat' dir='ltr'>oe,</span> <span class='ocrx_word' id='word_1_39' title='bbox 223 492 466 544; x_wconf 85' lang='lat' dir='ltr'>conquirens,</span> <span class='ocrx_word' id='word_1_40' title='bbox 488 505 591 543; x_wconf 65' lang='lat' dir='ltr'>quau,</span> <span class='ocrx_word' id='word_1_41' title='bbox 612 490 870 542; x_wconf 81' lang='lat' dir='ltr'><strong>Antiphontis</strong></span> <span class='ocrx_word' id='word_1_42' title='bbox 896 491 1210 543; x_wconf 85' lang='lat' dir='ltr'>interpretatione</span> <span class='ocrx_word' id='word_1_43' title='bbox 1234 508 1302 532; x_wconf 85' lang='lat' dir='ltr'>ex-</span> 
     </span>
     <span class='ocr_line' id='line_1_8' title="bbox 157 545 1299 599; baseline 0.002 -14"><span class='ocrx_word' id='word_1_44' title='bbox 157 547 314 599; x_wconf 83' lang='lat' dir='ltr'>plicata,</span> <span class='ocrx_word' id='word_1_45' title='bbox 346 546 542 585; x_wconf 89' lang='lat' dir='ltr'>declarant</span> <span class='ocrx_word' id='word_1_46' title='bbox 574 546 642 584; x_wconf 90' lang='lat' dir='ltr'>illa</span> <span class='ocrx_word' id='word_1_47' title='bbox 672 545 831 598; x_wconf 86' lang='lat' dir='ltr'>quidem</span> <span class='ocrx_word' id='word_1_48' title='bbox 861 559 1023 584; x_wconf 86' lang='lat' dir='ltr'>acumen</span> <span class='ocrx_word' id='word_1_49' title='bbox 1054 546 1270 599; x_wconf 87' lang='lat' dir='ltr'>interpretis</span> <span class='ocrx_word' id='word_1_50' title='bbox 1286 564 1299 595; x_wconf 77' lang='grc' dir='ltr'><strong>ς</strong></span> 
     </span>
     <span class='ocr_line' id='line_1_9' title="bbox 157 599 1300 653; baseline 0.002 -13"><span class='ocrx_word' id='word_1_51' title='bbox 157 601 224 640; x_wconf 83' lang='lat' dir='ltr'>sed</span> <span class='ocrx_word' id='word_1_52' title='bbox 239 601 426 653; x_wconf 86' lang='lat' dir='ltr'>exemplis</span> <span class='ocrx_word' id='word_1_53' title='bbox 441 600 710 652; x_wconf 86' lang='lat' dir='ltr'>grandioribus</span> <span class='ocrx_word' id='word_1_54' title='bbox 725 599 854 639; x_wconf 87' lang='lat' dir='ltr'>decuit</span> <span class='ocrx_word' id='word_1_55' title='bbox 867 601 936 639; x_wconf 91' lang='lat' dir='ltr'>uti.</span> <span class='ocrx_word' id='word_1_56' title='bbox 964 601 1145 653; x_wconf 90' lang='lat' dir='ltr'>Dionysii</span> <span class='ocrx_word' id='word_1_57' title='bbox 1160 612 1300 650; x_wconf 81' lang='lat' dir='ltr'>mater,</span> 
     </span>
     <span class='ocr_line' id='line_1_10' title="bbox 157 655 1301 709; baseline 0.002 -15"><span class='ocrx_word' id='word_1_58' title='bbox 157 657 256 706; x_wconf 86' lang='lat' dir='ltr'>ejus,</span> <span class='ocrx_word' id='word_1_59' title='bbox 278 656 346 708; x_wconf 90' lang='lat' dir='ltr'>qui</span> <span class='ocrx_word' id='word_1_60' title='bbox 373 655 666 708; x_wconf 84' lang='lat' dir='ltr'>Syracusiorum</span> <span class='ocrx_word' id='word_1_61' title='bbox 693 663 881 706; x_wconf 86' lang='lat' dir='ltr'>tyrannus</span> <span class='ocrx_word' id='word_1_62' title='bbox 908 655 998 704; x_wconf 85' lang='lat' dir='ltr'>fuit,</span> <span class='ocrx_word' id='word_1_63' title='bbox 1026 659 1088 699; x_wconf 91' lang='lat' dir='ltr'>(ut</span> <span class='ocrx_word' id='word_1_64' title='bbox 1115 657 1301 709; x_wconf 86' lang='lat' dir='ltr'>scriptum</span> 
     </span>
     <span class='ocr_line' id='line_1_11' title="bbox 157 709 1300 764; baseline -0.003 -15"><span class='ocrx_word' id='word_1_65' title='bbox 157 710 264 763; x_wconf 86' lang='lat' dir='ltr'>apud</span> <span class='ocrx_word' id='word_1_66' title='bbox 285 711 494 749; x_wconf 81' lang='lat' dir='ltr'>Philistum</span> <span class='ocrx_word' id='word_1_67' title='bbox 515 718 585 758; x_wconf 82' lang='lat' dir='ltr'>est,</span> <span class='ocrx_word' id='word_1_68' title='bbox 607 719 644 749; x_wconf 94' lang='lat' dir='ltr'>et</span> <span class='ocrx_word' id='word_1_69' title='bbox 663 710 821 749; x_wconf 89' lang='lat' dir='ltr'>doctum</span> <span class='ocrx_word' id='word_1_70' title='bbox 841 709 1058 758; x_wconf 78' lang='lat' dir='ltr'>hominem,</span> <span class='ocrx_word' id='word_1_71' title='bbox 1080 719 1117 749; x_wconf 93' lang='lat' dir='ltr'>et</span> <span class='ocrx_word' id='word_1_72' title='bbox 1137 711 1300 764; x_wconf 86' lang='lat' dir='ltr'>diligen-</span> 
     </span>
     <span class='ocr_line' id='line_1_12' title="bbox 159 765 1300 829; baseline 0.002 -25"><span class='ocrx_word' id='word_1_73' title='bbox 159 774 254 814; x_wconf 83' lang='lat' dir='ltr'>tem,</span> <span class='ocrx_word' id='word_1_74' title='bbox 275 773 313 804; x_wconf 91' lang='lat' dir='ltr'>et</span> <span class='ocrx_word' id='word_1_75' title='bbox 336 766 526 818; x_wconf 86' lang='lat' dir='ltr'>aequalem</span> <span class='ocrx_word' id='word_1_76' title='bbox 546 772 768 817; x_wconf 89' lang='lat' dir='ltr'>temporum</span> <span class='ocrx_word' id='word_1_77' title='bbox 788 765 965 812; x_wconf 87' lang='lat' dir='ltr'>illorum)</span> <span class='ocrx_word' id='word_1_78' title='bbox 985 778 1075 804; x_wconf 89' lang='lat' dir='ltr'>cum</span> <span class='ocrx_word' id='word_1_79' title='bbox 1096 779 1300 829; x_wconf 82' lang='lat' dir='ltr'>praegnans</span> 
     </span>
     <span class='ocr_line' id='line_1_13' title="bbox 159 820 1299 873; baseline 0.003 -15"><span class='ocrx_word' id='word_1_80' title='bbox 159 820 264 859; x_wconf 89' lang='lat' dir='ltr'>hunc</span> <span class='ocrx_word' id='word_1_81' title='bbox 294 821 424 873; x_wconf 89' lang='lat' dir='ltr'>ipsum</span> <span class='ocrx_word' id='word_1_82' title='bbox 456 820 692 872; x_wconf 87' lang='lat' dir='ltr'>Dionysium</span> <span class='ocrx_word' id='word_1_83' title='bbox 724 820 811 858; x_wconf 85' lang='lat' dir='ltr'>alvo</span> <span class='ocrx_word' id='word_1_84' title='bbox 842 820 1067 869; x_wconf 87' lang='lat' dir='ltr'>contineret,</span> <span class='ocrx_word' id='word_1_85' title='bbox 1095 821 1299 861; x_wconf 77' lang='lat' dir='ltr'>somniavit</span> 
     </span>
     <span class='ocr_line' id='line_1_14' title="bbox 160 874 1294 936; baseline 0.001 -22"><span class='ocrx_word' id='word_1_86' title='bbox 160 888 200 914; x_wconf 91' lang='lat' dir='ltr'>se</span> <span class='ocrx_word' id='word_1_87' title='bbox 219 875 409 927; x_wconf 90' lang='lat' dir='ltr'>peperisse</span> <span class='ocrx_word' id='word_1_88' title='bbox 428 875 682 936; x_wconf 83' lang='lat' dir='ltr'>Satyriscum.</span> <span class='ocrx_word' id='word_1_89' title='bbox 721 874 828 912; x_wconf 86' lang='lat' dir='ltr'>Huic</span> <span class='ocrx_word' id='word_1_90' title='bbox 854 874 1079 926; x_wconf 88' lang='lat' dir='ltr'>interpretes</span> <span class='ocrx_word' id='word_1_91' title='bbox 1105 884 1294 927; x_wconf 88' lang='lat' dir='ltr'>portento-</span> 
     </span>
     <span class='ocr_line' id='line_1_15' title="bbox 159 929 1301 982; baseline 0.002 -14"><span class='ocrx_word' id='word_1_92' title='bbox 159 943 248 968; x_wconf 92' lang='lat' dir='ltr'>rum</span> <span class='ocrx_word' id='word_1_93' title='bbox 268 930 355 982; x_wconf 92' lang='lat' dir='ltr'>(qui</span> <span class='ocrx_word' id='word_1_94' title='bbox 374 930 547 969; x_wconf 88' lang='lat' dir='ltr'>Galeotae</span> <span class='ocrx_word' id='word_1_95' title='bbox 567 938 652 968; x_wconf 92' lang='lat' dir='ltr'>tum</span> <span class='ocrx_word' id='word_1_96' title='bbox 672 929 711 967; x_wconf 90' lang='lat' dir='ltr'>in</span> <span class='ocrx_word' id='word_1_97' title='bbox 737 929 869 968; x_wconf 77' lang='lat' dir='ltr'>sicilia</span> <span class='ocrx_word' id='word_1_98' title='bbox 895 929 1214 979; x_wconf 87' lang='lat' dir='ltr'>nominabantur)</span> <span class='ocrx_word' id='word_1_99' title='bbox 1243 945 1301 971; x_wconf 91' lang='lat' dir='ltr'>re-</span> 
     </span>
     <span class='ocr_line' id='line_1_16' title="bbox 158 984 1299 1038; baseline -0.003 -15"><span class='ocrx_word' id='word_1_100' title='bbox 158 985 410 1037; x_wconf 83' lang='lat' dir='ltr'>sponderunt,</span> <span class='ocrx_word' id='word_1_101' title='bbox 432 989 494 1027; x_wconf 90' lang='lat' dir='ltr'>(ut</span> <span class='ocrx_word' id='word_1_102' title='bbox 513 984 567 1023; x_wconf 84' lang='lat' dir='ltr'>ait</span> <span class='ocrx_word' id='word_1_103' title='bbox 587 984 793 1031; x_wconf 87' lang='lat' dir='ltr'>Philistus)</span> <span class='ocrx_word' id='word_1_104' title='bbox 818 997 924 1031; x_wconf 82' lang='grc'>811111,</span> <span class='ocrx_word' id='word_1_105' title='bbox 945 997 1064 1036; x_wconf 89' lang='lat' dir='ltr'>quem</span> <span class='ocrx_word' id='word_1_106' title='bbox 1090 984 1158 1023; x_wconf 91' lang='lat' dir='ltr'>illa</span> <span class='ocrx_word' id='word_1_107' title='bbox 1184 999 1299 1038; x_wconf 90' lang='lat' dir='ltr'>pepe-</span> 
     </span>
     <span class='ocr_line' id='line_1_17' title="bbox 157 1039 1299 1088; baseline 0.002 -10"><span class='ocrx_word' id='word_1_108' title='bbox 157 1040 280 1088; x_wconf 84' lang='lat' dir='ltr'>risset,</span> <span class='ocrx_word' id='word_1_109' title='bbox 315 1039 573 1078; x_wconf 90' lang='lat' dir='ltr'>clarissimum</span> <span class='ocrx_word' id='word_1_110' title='bbox 609 1039 770 1078; x_wconf 84' lang='lat' dir='ltr'>Graeciae</span> <span class='ocrx_word' id='word_1_111' title='bbox 803 1039 989 1077; x_wconf 68' lang='lat' dir='ltr'>diuturna</span> <span class='ocrx_word' id='word_1_112' title='bbox 1019 1052 1108 1077; x_wconf 90' lang='lat' dir='ltr'>cum</span> <span class='ocrx_word' id='word_1_113' title='bbox 1142 1040 1299 1080; x_wconf 68' lang='lat' dir='ltr'>fortuna</span> 
     </span>
     <span class='ocr_line' id='line_1_18' title="bbox 157 1093 1296 1134; baseline 0.001 -1"><span class='ocrx_word' id='word_1_114' title='bbox 157 1093 251 1133; x_wconf 86' lang='lat' dir='ltr'>fore.</span> <span class='ocrx_word' id='word_1_115' title='bbox 293 1095 407 1133; x_wconf 89' lang='lat' dir='ltr'>Num</span> <span class='ocrx_word' id='word_1_116' title='bbox 428 1103 465 1133; x_wconf 94' lang='lat' dir='ltr'>te</span> <span class='ocrx_word' id='word_1_117' title='bbox 487 1094 536 1133; x_wconf 87' lang='lat' dir='ltr'>ad</span> <span class='ocrx_word' id='word_1_118' title='bbox 563 1093 716 1133; x_wconf 82' lang='lat' dir='ltr'>fabulas</span> <span class='ocrx_word' id='word_1_119' title='bbox 741 1107 876 1133; x_wconf 87' lang='lat' dir='ltr'>revoco</span> <span class='ocrx_word' id='word_1_120' title='bbox 902 1094 963 1133; x_wconf 86' lang='lat' dir='ltr'>vel</span> <span class='ocrx_word' id='word_1_121' title='bbox 990 1102 1209 1133; x_wconf 85' lang='lat' dir='ltr'>nostrorum</span> <span class='ocrx_word' id='word_1_122' title='bbox 1237 1097 1296 1134; x_wconf 86' lang='lat' dir='ltr'>vel</span> 
     </span>
     <span class='ocr_line' id='line_1_19' title="bbox 155 1149 1298 1202; baseline 0.001 -14"><span class='ocrx_word' id='word_1_123' title='bbox 155 1149 386 1189; x_wconf 86' lang='lat' dir='ltr'>Graecorum</span> <span class='ocrx_word' id='word_1_124' title='bbox 405 1151 638 1202; x_wconf 67' lang='lat' dir='ltr'>poetarum?</span> <span class='ocrx_word' id='word_1_125' title='bbox 666 1157 796 1188; x_wconf 89' lang='lat' dir='ltr'>narrat</span> <span class='ocrx_word' id='word_1_126' title='bbox 814 1149 920 1189; x_wconf 87' lang='lat' dir='ltr'>enim</span> <span class='ocrx_word' id='word_1_127' title='bbox 939 1156 977 1188; x_wconf 90' lang='lat' dir='ltr'>et</span> <span class='ocrx_word' id='word_1_128' title='bbox 995 1149 1102 1201; x_wconf 88' lang='lat' dir='ltr'>apud</span> <span class='ocrx_word' id='word_1_129' title='bbox 1120 1149 1298 1189; x_wconf 87' lang='lat' dir='ltr'>Ennium</span> 
     </span>
     <span class='ocr_line' id='line_1_20' title="bbox 157 1203 436 1245; baseline -0.004 0"><span class='ocrx_word' id='word_1_130' title='bbox 157 1203 326 1245; x_wconf 79' lang='lat' dir='ltr'>Vestalis</span> <span class='ocrx_word' id='word_1_131' title='bbox 345 1205 436 1244; x_wconf 80' lang='lat' dir='ltr'>illa:</span> 
     </span>
    </p>

    <p class='ocr_par' dir='ltr' id='par_1_4' title="bbox 212 1280 1295 1334">
     <span class='ocr_line' id='line_1_21' title="bbox 212 1280 1295 1334; baseline 0.002 -14"><span class='ocrx_word' id='word_1_132' title='bbox 212 1282 242 1304; x_wconf 88' lang='lat'><strong>“</strong></span> <span class='ocrx_word' id='word_1_133' title='bbox 255 1280 399 1320; x_wconf 82' lang='lat' dir='ltr'>Excita</span> <span class='ocrx_word' id='word_1_134' title='bbox 416 1293 507 1321; x_wconf 90' lang='lat' dir='ltr'>cum</span> <span class='ocrx_word' id='word_1_135' title='bbox 525 1280 702 1320; x_wconf 86' lang='lat' dir='ltr'>tremulis</span> <span class='ocrx_word' id='word_1_136' title='bbox 716 1293 814 1320; x_wconf 89' lang='lat' dir='ltr'>anus</span> <span class='ocrx_word' id='word_1_137' title='bbox 829 1281 960 1320; x_wconf 89' lang='lat' dir='ltr'>attulit</span> <span class='ocrx_word' id='word_1_138' title='bbox 974 1281 1131 1321; x_wconf 87' lang='lat' dir='ltr'>artubu’</span> <span class='ocrx_word' id='word_1_139' title='bbox 1143 1282 1295 1334; x_wconf 87' lang='lat' dir='ltr'>lumen,</span> 
     </span>
    </p>

    <p class='ocr_par' dir='ltr' id='par_1_5' title="bbox 212 1335 1257 1389">
     <span class='ocr_line' id='line_1_22' title="bbox 212 1335 1257 1389; baseline 0.002 -14"><span class='ocrx_word' id='word_1_140' title='bbox 212 1335 330 1375; x_wconf 86' lang='lat' dir='ltr'>Talia</span> <span class='ocrx_word' id='word_1_141' title='bbox 348 1344 626 1376; x_wconf 84' lang='lat' dir='ltr'>commemorat</span> <span class='ocrx_word' id='word_1_142' title='bbox 644 1337 876 1389; x_wconf 80' lang='lat' dir='ltr'>lacrymans,</span> <span class='ocrx_word' id='word_1_143' title='bbox 898 1337 1080 1376; x_wconf 80' lang='lat' dir='ltr'>exterrita</span> <span class='ocrx_word' id='word_1_144' title='bbox 1099 1350 1257 1377; x_wconf 85' lang='lat' dir='ltr'>somno:</span> 
     </span>
    </p>

    <p class='ocr_par' dir='ltr' id='par_1_6' title="bbox 211 1390 1231 1445">
     <span class='ocr_line' id='line_1_23' title="bbox 211 1390 1231 1445; baseline 0.001 -15"><span class='ocrx_word' id='word_1_145' title='bbox 211 1390 413 1445; x_wconf 80' lang='lat' dir='ltr'>Eurydica</span> <span class='ocrx_word' id='word_1_146' title='bbox 431 1400 636 1444; x_wconf 75' lang='lat' dir='ltr'>prognata,</span> <span class='ocrx_word' id='word_1_147' title='bbox 656 1400 766 1444; x_wconf 89' lang='lat' dir='ltr'>pater</span> <span class='ocrx_word' id='word_1_148' title='bbox 784 1405 905 1444; x_wconf 88' lang='lat' dir='ltr'>quam</span> <span class='ocrx_word' id='word_1_149' title='bbox 924 1400 1052 1431; x_wconf 90' lang='lat' dir='ltr'>noster</span> <span class='ocrx_word' id='word_1_150' title='bbox 1071 1392 1231 1441; x_wconf 82' lang='lat' dir='ltr'>amavit,</span> 
     </span>
    </p>

    <p class='ocr_par' dir='ltr' id='par_1_7' title="bbox 211 1446 1257 1499">
     <span class='ocr_line' id='line_1_24' title="bbox 211 1446 1257 1499; baseline 0 -13"><span class='ocrx_word' id='word_1_151' title='bbox 211 1446 342 1496; x_wconf 84' lang='lat' dir='ltr'>Vires,</span> <span class='ocrx_word' id='word_1_152' title='bbox 364 1447 520 1499; x_wconf 78' lang='lat' dir='ltr'>vitaque</span> <span class='ocrx_word' id='word_1_153' title='bbox 540 1449 672 1499; x_wconf 88' lang='lat' dir='ltr'>corpu&#39;</span> <span class='ocrx_word' id='word_1_154' title='bbox 692 1460 825 1485; x_wconf 82' lang='lat' dir='ltr'>meum</span> <span class='ocrx_word' id='word_1_155' title='bbox 845 1459 951 1485; x_wconf 89' lang='lat' dir='ltr'>nunc</span> <span class='ocrx_word' id='word_1_156' title='bbox 970 1447 1109 1486; x_wconf 87' lang='lat' dir='ltr'>deserit</span> <span class='ocrx_word' id='word_1_157' title='bbox 1126 1460 1257 1486; x_wconf 91' lang='lat' dir='ltr'>omne.</span> 
     </span>
    </p>

    <p class='ocr_par' dir='ltr' id='par_1_8' title="bbox 210 1501 1257 1554">
     <span class='ocr_line' id='line_1_25' title="bbox 210 1501 1257 1554; baseline 0 -13"><span class='ocrx_word' id='word_1_158' title='bbox 210 1501 322 1541; x_wconf 84' lang='lat' dir='ltr'>Nam</span> <span class='ocrx_word' id='word_1_159' title='bbox 341 1515 405 1541; x_wconf 92' lang='lat' dir='ltr'>me</span> <span class='ocrx_word' id='word_1_160' title='bbox 425 1502 529 1541; x_wconf 87' lang='lat' dir='ltr'>visus</span> <span class='ocrx_word' id='word_1_161' title='bbox 547 1501 666 1541; x_wconf 91' lang='lat' dir='ltr'>homo</span> <span class='ocrx_word' id='word_1_162' title='bbox 685 1502 847 1554; x_wconf 89' lang='lat' dir='ltr'>pulcher</span> <span class='ocrx_word' id='word_1_163' title='bbox 866 1515 934 1554; x_wconf 88' lang='lat' dir='ltr'>per</span> <span class='ocrx_word' id='word_1_164' title='bbox 954 1515 1106 1541; x_wconf 84' lang='lat' dir='ltr'>amoena</span> <span class='ocrx_word' id='word_1_165' title='bbox 1124 1503 1257 1542; x_wconf 82' lang='lat' dir='ltr'>salicta</span> 
     </span>
    </p>

    <p class='ocr_par' dir='ltr' id='par_1_9' title="bbox 211 1556 1122 1610">
     <span class='ocr_line' id='line_1_26' title="bbox 211 1556 1122 1610; baseline 0 -14"><span class='ocrx_word' id='word_1_166' title='bbox 211 1556 268 1596; x_wconf 90' lang='lat' dir='ltr'>Et</span> <span class='ocrx_word' id='word_1_167' title='bbox 286 1556 390 1610; x_wconf 86' lang='lat' dir='ltr'>ripas</span> <span class='ocrx_word' id='word_1_168' title='bbox 409 1565 575 1610; x_wconf 80' lang='lat' dir='ltr'>raptare,</span> <span class='ocrx_word' id='word_1_169' title='bbox 595 1557 777 1609; x_wconf 88' lang='lat' dir='ltr'>locosque</span> <span class='ocrx_word' id='word_1_170' title='bbox 796 1570 926 1596; x_wconf 82' lang='lat' dir='ltr'>novos.</span> <span class='ocrx_word' id='word_1_171' title='bbox 958 1557 1022 1595; x_wconf 90' lang='lat' dir='ltr'>Ita</span> <span class='ocrx_word' id='word_1_172' title='bbox 1040 1557 1122 1596; x_wconf 85' lang='lat' dir='ltr'>sola</span> 
     </span>
    </p>

    <p class='ocr_par' dir='ltr' id='par_1_10' title="bbox 212 1611 1091 1664">
     <span class='ocr_line' id='line_1_27' title="bbox 212 1611 1091 1664; baseline 0.001 -14"><span class='ocrx_word' id='word_1_173' title='bbox 212 1611 410 1661; x_wconf 82' lang='lat' dir='ltr'>Post-illa,</span> <span class='ocrx_word' id='word_1_174' title='bbox 429 1624 616 1664; x_wconf 81' lang='lat' dir='ltr'>germana</span> <span class='ocrx_word' id='word_1_175' title='bbox 635 1625 754 1661; x_wconf 87' lang='lat' dir='ltr'>soror,</span> <span class='ocrx_word' id='word_1_176' title='bbox 776 1625 900 1651; x_wconf 83' lang='lat' dir='ltr'>errare</span> <span class='ocrx_word' id='word_1_177' title='bbox 919 1612 1091 1660; x_wconf 83' lang='lat' dir='ltr'>videbar,</span> 
     </span>
    </p>

    <p class='ocr_par' dir='ltr' id='par_1_11' title="bbox 213 1666 1241 1720">
     <span class='ocr_line' id='line_1_28' title="bbox 213 1666 1241 1720; baseline 0.001 -15"><span class='ocrx_word' id='word_1_178' title='bbox 213 1666 425 1720; x_wconf 86' lang='lat' dir='ltr'>Tardaque</span> <span class='ocrx_word' id='word_1_179' title='bbox 445 1666 645 1720; x_wconf 83' lang='lat' dir='ltr'>vestigare,</span> <span class='ocrx_word' id='word_1_180' title='bbox 666 1675 704 1706; x_wconf 90' lang='lat' dir='ltr'>et</span> <span class='ocrx_word' id='word_1_181' title='bbox 723 1680 894 1720; x_wconf 85' lang='lat' dir='ltr'>quaerere</span> <span class='ocrx_word' id='word_1_182' title='bbox 914 1675 964 1714; x_wconf 77' lang='lat' dir='ltr'>te,</span> <span class='ocrx_word' id='word_1_183' title='bbox 986 1680 1112 1720; x_wconf 91' lang='lat' dir='ltr'>neque</span> <span class='ocrx_word' id='word_1_184' title='bbox 1131 1680 1241 1720; x_wconf 86' lang='lat' dir='ltr'>posse</span> 
     </span>
    </p>

    <p class='ocr_par' dir='ltr' id='par_1_12' title="bbox 212 1720 1258 1775">
     <span class='ocr_line' id='line_1_29' title="bbox 212 1720 1258 1775; baseline 0.002 -15"><span class='ocrx_word' id='word_1_185' title='bbox 212 1720 340 1760; x_wconf 88' lang='lat' dir='ltr'>Corde</span> <span class='ocrx_word' id='word_1_186' title='bbox 359 1735 563 1775; x_wconf 83' lang='lat' dir='ltr'>capessere.</span> <span class='ocrx_word' id='word_1_187' title='bbox 594 1722 744 1761; x_wconf 83' lang='lat' dir='ltr'>Semita</span> <span class='ocrx_word' id='word_1_188' title='bbox 762 1722 871 1760; x_wconf 83' lang='lat' dir='ltr'>nulla</span> <span class='ocrx_word' id='word_1_189' title='bbox 890 1722 1028 1774; x_wconf 90' lang='lat' dir='ltr'>pedem</span> <span class='ocrx_word' id='word_1_190' title='bbox 1049 1722 1258 1762; x_wconf 81' lang='lat' dir='ltr'>stabilibat.</span> 
     </span>
    </p>

    <p class='ocr_par' dir='ltr' id='par_1_13' title="bbox 211 1775 1062 1829">
     <span class='ocr_line' id='line_1_30' title="bbox 211 1775 1062 1829; baseline 0.002 -15"><span class='ocrx_word' id='word_1_191' title='bbox 211 1775 320 1814; x_wconf 86' lang='lat' dir='ltr'>Exin</span> <span class='ocrx_word' id='word_1_192' title='bbox 339 1777 570 1829; x_wconf 72' lang='lat' dir='ltr'>compellare</span> <span class='ocrx_word' id='word_1_193' title='bbox 588 1784 698 1829; x_wconf 89' lang='lat' dir='ltr'>pater</span> <span class='ocrx_word' id='word_1_194' title='bbox 715 1790 780 1815; x_wconf 89' lang='lat' dir='ltr'>me</span> <span class='ocrx_word' id='word_1_195' title='bbox 799 1790 891 1816; x_wconf 94' lang='lat' dir='ltr'>voce</span> <span class='ocrx_word' id='word_1_196' title='bbox 910 1776 1062 1816; x_wconf 84' lang='lat' dir='ltr'>videtur</span> 
     </span>
    </p>

    <p class='ocr_par' dir='ltr' id='par_1_14' title="bbox 212 1831 1232 1884">
     <span class='ocr_line' id='line_1_31' title="bbox 212 1831 1232 1884; baseline 0.002 -14"><span class='ocrx_word' id='word_1_197' title='bbox 212 1831 290 1870; x_wconf 91' lang='lat' dir='ltr'>His</span> <span class='ocrx_word' id='word_1_198' title='bbox 309 1831 461 1880; x_wconf 88' lang='lat' dir='ltr'>verbis;</span> <span class='ocrx_word' id='word_1_199' title='bbox 493 1831 532 1871; x_wconf 93' lang='lat' dir='ltr'>O</span> <span class='ocrx_word' id='word_1_200' title='bbox 549 1832 559 1870; x_wconf 89' lang='lat'>!</span> <span class='ocrx_word' id='word_1_201' title='bbox 591 1839 724 1884; x_wconf 83' lang='lat' dir='ltr'>gnata,</span> <span class='ocrx_word' id='word_1_202' title='bbox 746 1832 817 1871; x_wconf 86' lang='lat' dir='ltr'>tibi</span> <span class='ocrx_word' id='word_1_203' title='bbox 836 1839 926 1870; x_wconf 89' lang='lat' dir='ltr'>sunt</span> <span class='ocrx_word' id='word_1_204' title='bbox 945 1839 1034 1870; x_wconf 91' lang='lat' dir='ltr'>ante</span> <span class='ocrx_word' id='word_1_205' title='bbox 1053 1831 1232 1884; x_wconf 85' lang='lat' dir='ltr'>gerendae</span> 
     </span>
    </p>

    <p class='ocr_par' dir='ltr' id='par_1_15' title="bbox 211 1886 1124 1939">
     <span class='ocr_line' id='line_1_32' title="bbox 211 1886 1124 1939; baseline 0.002 -15"><span class='ocrx_word' id='word_1_206' title='bbox 211 1886 446 1925; x_wconf 73' lang='lat' dir='ltr'>AErumnaez</span> <span class='ocrx_word' id='word_1_207' title='bbox 476 1894 565 1939; x_wconf 90' lang='lat' dir='ltr'>post</span> <span class='ocrx_word' id='word_1_208' title='bbox 583 1899 631 1926; x_wconf 85' lang='lat' dir='ltr'>ex</span> <span class='ocrx_word' id='word_1_209' title='bbox 651 1886 771 1926; x_wconf 88' lang='lat' dir='ltr'>fluvio</span> <span class='ocrx_word' id='word_1_210' title='bbox 789 1886 946 1926; x_wconf 85' lang='lat' dir='ltr'>fortuna</span> <span class='ocrx_word' id='word_1_211' title='bbox 965 1886 1124 1926; x_wconf 77' lang='lat' dir='ltr'>resistet.</span> 
     </span>
    </p>

    <p class='ocr_par' dir='ltr' id='par_1_16' title="bbox 212 1940 1195 1994">
     <span class='ocr_line' id='line_1_33' title="bbox 212 1940 1195 1994; baseline 0 -14"><span class='ocrx_word' id='word_1_212' title='bbox 212 1940 312 1980; x_wconf 86' lang='lat' dir='ltr'>Haec</span> <span class='ocrx_word' id='word_1_213' title='bbox 330 1948 440 1994; x_wconf 81' lang='lat' dir='ltr'>pater</span> <span class='ocrx_word' id='word_1_214' title='bbox 459 1941 612 1991; x_wconf 87' lang='lat' dir='ltr'>effatus,</span> <span class='ocrx_word' id='word_1_215' title='bbox 633 1954 832 1994; x_wconf 85' lang='lat' dir='ltr'>germana,</span> <span class='ocrx_word' id='word_1_216' title='bbox 855 1949 1011 1994; x_wconf 88' lang='lat' dir='ltr'>repente</span> <span class='ocrx_word' id='word_1_217' title='bbox 1029 1942 1195 1991; x_wconf 87' lang='lat' dir='ltr'>recessit,</span> 
     </span>
    </p>

    <p class='ocr_par' dir='ltr' id='par_1_17' title="bbox 209 1995 1180 2050">
     <span class='ocr_line' id='line_1_34' title="bbox 209 1995 1180 2050; baseline 0.001 -15"><span class='ocrx_word' id='word_1_218' title='bbox 209 1995 253 2035; x_wconf 91' lang='lat' dir='ltr'>N</span> <span class='ocrx_word' id='word_1_219' title='bbox 256 2008 298 2035; x_wconf 88' lang='lat' dir='ltr'>ec</span> <span class='ocrx_word' id='word_1_220' title='bbox 317 2009 397 2035; x_wconf 87' lang='lat' dir='ltr'>sese</span> <span class='ocrx_word' id='word_1_221' title='bbox 415 1995 522 2035; x_wconf 92' lang='lat' dir='ltr'>dedit</span> <span class='ocrx_word' id='word_1_222' title='bbox 539 1996 581 2035; x_wconf 92' lang='lat' dir='ltr'>in</span> <span class='ocrx_word' id='word_1_223' title='bbox 600 2004 849 2050; x_wconf 87' lang='lat' dir='ltr'>conspectum</span> <span class='ocrx_word' id='word_1_224' title='bbox 869 1996 982 2036; x_wconf 88' lang='lat' dir='ltr'>corde</span> <span class='ocrx_word' id='word_1_225' title='bbox 998 1997 1180 2050; x_wconf 80' lang='lat' dir='ltr'>cupitus3</span> 
     </span>
    </p>

    <p class='ocr_par' dir='ltr' id='par_1_18' title="bbox 209 2050 1272 2105">
     <span class='ocr_line' id='line_1_35' title="bbox 209 2050 1272 2105; baseline 0.002 -16"><span class='ocrx_word' id='word_1_226' title='bbox 209 2050 468 2103; x_wconf 87' lang='lat' dir='ltr'>Quamquam</span> <span class='ocrx_word' id='word_1_227' title='bbox 487 2051 615 2090; x_wconf 86' lang='lat' dir='ltr'>multa</span> <span class='ocrx_word' id='word_1_228' title='bbox 632 2064 773 2091; x_wconf 88' lang='lat' dir='ltr'>manus</span> <span class='ocrx_word' id='word_1_229' title='bbox 793 2051 843 2091; x_wconf 89' lang='lat' dir='ltr'>ad</span> <span class='ocrx_word' id='word_1_230' title='bbox 862 2051 946 2091; x_wconf 89' lang='lat' dir='ltr'>coeli</span> <span class='ocrx_word' id='word_1_231' title='bbox 965 2052 1108 2091; x_wconf 85' lang='lat' dir='ltr'>coerula</span> <span class='ocrx_word' id='word_1_232' title='bbox 1124 2053 1272 2105; x_wconf 87' lang='lat' dir='ltr'>templa</span> 
     </span>
    </p>

    <p class='ocr_par' dir='ltr' id='par_1_19' title="bbox 208 2104 1243 2159">
     <span class='ocr_line' id='line_1_36' title="bbox 208 2104 1243 2159; baseline 0.002 -14"><span class='ocrx_word' id='word_1_233' title='bbox 208 2104 440 2146; x_wconf 85' lang='lat' dir='ltr'>Tendebam</span> <span class='ocrx_word' id='word_1_234' title='bbox 457 2106 692 2159; x_wconf 87' lang='lat' dir='ltr'>lacrymans,</span> <span class='ocrx_word' id='word_1_235' title='bbox 713 2113 751 2146; x_wconf 92' lang='lat' dir='ltr'>et</span> <span class='ocrx_word' id='word_1_236' title='bbox 768 2106 915 2146; x_wconf 87' lang='lat' dir='ltr'>blanda</span> <span class='ocrx_word' id='word_1_237' title='bbox 934 2120 1025 2146; x_wconf 88' lang='lat' dir='ltr'>voce</span> <span class='ocrx_word' id='word_1_238' title='bbox 1044 2109 1243 2147; x_wconf 86' lang='lat' dir='ltr'>vocabam.</span> 
     </span>
    </p>

    <p class='ocr_par' dir='ltr' id='par_1_20' title="bbox 206 2158 1267 2216">
     <span class='ocr_line' id='line_1_37' title="bbox 206 2158 1267 2216; baseline -0.001 -13"><span class='ocrx_word' id='word_1_239' title='bbox 206 2158 307 2211; x_wconf 65' lang='lat' dir='ltr'>Vbi,</span> <span class='ocrx_word' id='word_1_240' title='bbox 327 2174 431 2214; x_wconf 84' lang='lat' dir='ltr'>aegro</span> <span class='ocrx_word' id='word_1_241' title='bbox 449 2168 536 2202; x_wconf 91' lang='lat' dir='ltr'>tum</span> <span class='ocrx_word' id='word_1_242' title='bbox 554 2161 668 2202; x_wconf 84' lang='lat' dir='ltr'>corde</span> <span class='ocrx_word' id='word_1_243' title='bbox 684 2175 788 2213; x_wconf 89' lang='lat' dir='ltr'>meo,</span> <span class='ocrx_word' id='word_1_244' title='bbox 809 2175 873 2201; x_wconf 91' lang='lat' dir='ltr'>me</span> <span class='ocrx_word' id='word_1_245' title='bbox 892 2161 1047 2201; x_wconf 88' lang='lat' dir='ltr'>somnu&#39;</span> <span class='ocrx_word' id='word_1_246' title='bbox 1066 2162 1267 2216; x_wconf 86' lang='lat' dir='ltr'>reliquit.”</span> 
     </span>
    </p>
   </div>
   <div class='ocr_carea' id='block_1_3' title="bbox 207 2249 1298 2346">
    <p class='ocr_par' dir='ltr' id='par_1_21' title="bbox 207 2249 1298 2346">
     <span class='ocr_line' id='line_1_38' title="bbox 207 2249 1298 2346; baseline 0.001 -55"><span class='ocrx_word' id='word_1_247' title='bbox 207 2249 331 2292; x_wconf 83' lang='lat' dir='ltr'>XXI.</span> <span class='ocrx_word' id='word_1_248' title='bbox 361 2250 474 2305; x_wconf 83' lang='lat' dir='ltr'><strong>Haec,</strong></span> <span class='ocrx_word' id='word_1_249' title='bbox 502 2251 619 2294; x_wconf 78' lang='lat' dir='ltr'>etiam</span> <span class='ocrx_word' id='word_1_250' title='bbox 645 2251 678 2293; x_wconf 88' lang='lat' dir='ltr'>si</span> <span class='ocrx_word' id='word_1_251' title='bbox 703 2251 793 2293; x_wconf 86' lang='lat' dir='ltr'>ficta</span> <span class='ocrx_word' id='word_1_252' title='bbox 818 2259 911 2293; x_wconf 83' lang='lat' dir='ltr'>sunt</span> <span class='ocrx_word' id='word_1_253' title='bbox 932 2252 1109 2346; x_wconf 62' lang='grc' dir='ltr'><strong>ἓροέω,</strong></span> <span class='ocrx_word' id='word_1_254' title='bbox 1129 2264 1208 2292; x_wconf 87' lang='grc'>11011</span> <span class='ocrx_word' id='word_1_255' title='bbox 1227 2253 1298 2293; x_wconf 78' lang='lat' dir='ltr'>ab·</span> 
     </span>
     <span class='ocr_line' id='line_1_39' title="bbox 878 2318 902 2346; baseline 0 0"><span class='ocrx_word' id='word_1_256' title='bbox 878 2318 902 2346; x_wconf 91' lang='lat' dir='ltr'>c</span> 
     </span>
    </p>
   </div>
  </div>
 </body>
</html>
