1470 2402
187 112 240 151 32
285 107 363 148 DE
392 107 812 159 DIVINATIONE,
832 108 933 147 Lm.
955 109 990 148 1.
1007 108 1114 148 CAP.
1134 109 1201 148 36.

196 227 254 258 tos
271 230 365 266 esse,
384 223 430 255 ut
452 216 577 256 multa
594 216 736 269 oppida
754 217 976 266 corruerint,
994 217 1131 256 multis
1149 217 1242 256 locis
1260 217 1319 255 la-

195 275 264 312 bes
290 271 400 311 factae
429 271 516 319 sint,
536 278 722 322 terraeque
754 271 980 320 desederint,
1008 271 1247 323 fluminaque
1275 271 1318 309 in

200 325 403 365 contrarias
437 332 563 377 partes
599 325 794 375 fluxerint,
831 334 946 377 atque
977 325 1018 363 in
1048 338 1180 363 amnes
1210 337 1318 364 mare

203 379 410 418 influxerit.

255 433 460 472 XXXVI.
508 433 627 471 Fiunt
645 440 742 471 certe
760 433 1038 471 divinationum
1057 434 1282 482 conjecturae
1300 446 1324 471 3

203 487 347 540 peritis.
377 486 500 524 Midae
514 487 571 525 illi
586 487 769 538 Phrygio,
790 500 879 525 cum
898 500 992 539 puer
1004 494 1113 534 esset,
1129 487 1325 525 dormien-

203 542 236 580 ti
253 541 421 579 formicae
438 541 479 578 in
497 554 538 579 os
556 541 669 579 tritici
687 554 806 592 grana
833 548 1111 592 congesserunt.
1159 541 1324 579 Divitis-

207 595 351 634 simum
368 595 461 643 fore,
481 608 527 646 pr
510 595 705 633 aedictum
726 603 804 633 est.
835 595 940 646 quod
959 594 1094 633 evenit.
1123 594 1183 632 At
1195 595 1327 633 Plato-

209 649 252 687 ni
270 661 373 696 cum,
392 649 434 686 in
453 649 559 687 cunis
583 649 744 700 parvulo
763 649 980 733 dormienti,
1001 662 1091 700 apes
1117 649 1158 686 in
1176 649 1327 687 labellis

209 702 476 750 consedissent,
497 715 720 754 responsum
739 710 808 751 est,
825 702 1008 754 singulari
1019 703 1132 740 illum
1146 703 1332 741 suavitate

214 756 394 795 orationis
412 756 516 795 fore.
546 757 601 794 ita
627 756 758 794 futura
787 757 1002 808 eloquentia
1027 756 1177 807 provisa
1203 756 1244 793 in
1272 756 1333 794 in-

210 810 316 848 fante
345 817 412 848 est.
444 810 552 858 Quid
566 813 583 849 ?
612 823 757 848 amores
789 823 833 848 ac
863 810 1006 848 deliciae
1035 818 1126 858 tuae,
1154 810 1331 860 Roscius,

212 876 311 902 num
329 872 396 902 aut
413 864 507 915 ipse,
528 873 595 902 aut
608 877 677 916 pro
696 877 739 902 eo
755 864 977 902 Lanuvium
1005 871 1145 911 totum,
1171 864 1332 902 mentie-

214 919 352 956 batur.
342 920 360 945 9
389 918 457 969 qui
484 931 572 956 cum
602 925 697 956 esset
724 918 765 956 in
795 918 1010 965 cunabulis,
1034 917 1334 969 educareturque

214 971 257 1009 in
282 971 450 1021 Solonio,
472 972 557 1023 (qui
585 980 639 1010 est
668 985 826 1023 campus
853 972 936 1022 agri
964 971 1175 1019 Lanuvini)
1202 980 1332 1020 noctu,

216 1025 365 1063 lumine
400 1026 586 1077 apposito,
631 1033 847 1077 experrecta
892 1025 1024 1063 nutrix
1067 1025 1335 1064 animadvertit

218 1092 383 1130 puerum
412 1080 663 1118 dormientem
693 1079 1020 1130 circumplicatum
1049 1079 1231 1130 serpentis
1253 1091 1338 1117 am-

219 1133 366 1184 plexu:
397 1146 474 1184 quo
503 1134 683 1185 adspectu
708 1133 899 1181 exterrita,
933 1133 1139 1171 clamorem
1167 1133 1334 1171 sustulit.

221 1187 338 1225 Pater
366 1194 496 1225 autem
514 1187 644 1226 Roscii
668 1187 717 1225 ad
745 1187 962 1238 haruspices
991 1186 1146 1232 retulit3
1191 1187 1259 1238 qui
1277 1200 1337 1226 re-

221 1240 469 1292 sponderunt,
500 1241 598 1279 nihil
625 1241 693 1279 illo
719 1253 837 1292 puero
862 1241 1012 1287 clarius,
1033 1240 1130 1278 nihil
1157 1241 1338 1290 nobilius,

221 1293 314 1332 fore.
343 1294 478 1346 Atque
494 1295 593 1333 hane
604 1295 767 1346 speciem
783 1294 992 1333 Praxiteles
1004 1294 1151 1332 caelavit
1164 1302 1336 1345 argento,

222 1354 261 1387 et
278 1356 403 1386 noster
422 1349 604 1400 expressit
621 1349 785 1388 Archias
800 1348 980 1387 versibus.
1011 1348 1119 1396 Quid
1137 1348 1254 1399 igitur
1273 1362 1340 1387 ex-

223 1409 438 1453 spectamus
452 1405 470 1441 ?
511 1415 562 1440 an
588 1403 682 1440 dum
706 1403 747 1440 in
774 1402 856 1440 foro
877 1402 1076 1441 nobiscum
1095 1402 1165 1440 Dii
1181 1402 1341 1441 immor-

223 1456 333 1503 tales,
362 1456 456 1493 dum
475 1456 516 1494 in
543 1457 628 1504 viis,
658 1464 865 1504 versentur,
886 1456 980 1494 dum
1004 1455 1138 1494 domi?
1167 1457 1235 1507 qui
1254 1457 1339 1508 qui-

225 1509 316 1547 dem
345 1509 419 1561 ipsi
450 1523 489 1548 se
520 1511 629 1549 nobis
657 1522 734 1548 non
763 1510 941 1559 offerunt,
968 1509 1048 1548 vim
1072 1518 1202 1549 autem
1231 1523 1343 1550 suam

225 1562 339 1624 longe
367 1564 519 1615 lateque
547 1564 794 1602 diffundunt·
825 1576 943 1615 quam
970 1577 1059 1602 cum
1081 1571 1191 1602 terrae
1216 1577 1345 1603 caver-

226 1617 287 1655 nis
322 1617 539 1666 includunt,
578 1626 662 1656 tum
697 1618 901 1656 hominum
945 1618 1090 1655 naturis
1131 1618 1343 1669 implicant.

228 1669 338 1708 Nam
362 1678 471 1710 terrae
491 1672 548 1710 vis
573 1671 756 1733 Pythiam
783 1671 948 1723 Delphis
974 1672 1170 1718 incitabat,
1197 1680 1346 1712 naturae

229 1724 431 1785 Sibyllam.
479 1724 588 1773 Quid
613 1726 739 1765 enim.
729 1727 748 1754 '³
793 1738 871 1764 non
901 1725 1088 1773 videmus,
1119 1739 1238 1777 quam
1269 1727 1347 1766 sint

227 1778 334 1816 varia
347 1786 535 1817 terrarum
553 1792 714 1830 genera3
745 1792 793 1818 ex
811 1779 952 1831 quibus
974 1788 1011 1818 et
1028 1780 1222 1818 mortifera
1241 1794 1347 1832 quae-

229 1831 322 1869 dam
339 1845 427 1884 pars
445 1840 514 1881 est,
530 1842 574 1871 ut
588 1841 625 1872 et
637 1833 891 1885 Ampsancti
881 1846 921 1871 m
941 1834 1132 1885 Hirpinis,
1148 1833 1236 1872 etin
1247 1835 1347 1873 Asia.

229 1885 427 1935 Plutonia,
447 1900 535 1939 quae
553 1887 745 1926 vidimus:
775 1895 814 1926 et
827 1895 916 1926 sunt
932 1895 1057 1940 partes
1068 1900 1247 1938 agrorum
1260 1889 1347 1927 3113

229 1939 462 1990 poefflentes,
492 1941 577 1979 aliae
609 1941 791 1989 salubres,
822 1941 921 1990 aliae,
945 1955 1032 1993 quae
1056 1948 1167 1980 acuta
1192 1941 1347 1992 ingenia

230 1993 406 2044 gignant,
423 1994 524 2044 3113,
550 2008 638 2046 quae
662 2002 812 2033 retusa:
843 2009 931 2047 quae
957 1995 1087 2034 omnia
1112 1994 1212 2033 fiunt
1238 2002 1276 2033 et
1297 2008 1346 2034 ex

231 2047 314 2085 coeli
328 2048 519 2096 varietate,
540 2057 578 2086 et
596 2062 643 2087 ex
662 2049 830 2100 disparili
849 2049 1102 2101 adspiratione
1119 2056 1317 2087 terrarum.

238 2121 241 2123 ·
284 2101 351 2139 Fit
367 2102 596 2164 011311133Ρο
610 2103 730 2154 specie
749 2103 931 2154 quadam,
946 2116 1045 2155 saepe
1062 2115 1201 2141 vocum
1219 2103 1346 2154 gravi-

229 2160 308 2194 tate
336 2163 374 2194 et
400 2155 587 2206 cantibus,
617 2165 662 2195 ut
690 2156 882 2208 pellantur
910 2157 1030 2196 animi
1053 2157 1342 2204 vehementius3

228 2209 792 2262 saepeetiamcuraettimore3
820 2210 1117 2263 qualisestilla‚
