1470 2402
276 89 354 132 DE
384 90 647 142 OFFICIIS,
662 87 762 131 Lm.
781 88 841 131 11.
857 91 962 131 CAP.
983 92 1048 131 24.
1148 91 1227 138 287

105 200 249 253 pientia
273 202 365 242 boni
389 202 496 250 civis,
525 201 728 241 commoda
755 200 898 240 civium
926 214 1003 240 non
1033 201 1227 250 divellere,

106 262 223 308 atque
251 269 383 296 omnes
413 256 592 309 aequitate
621 255 754 295 eadem
786 255 989 294 continere.
1038 256 1230 294 Habitant

106 311 225 361 gratis
249 311 290 349 111
318 311 453 349 alieno.
497 311 607 358 Quid
635 311 720 349 ita?
749 311 820 357 Ut,
845 322 934 348 cum
959 323 1029 361 ego
1054 311 1230 359 emerim,

105 363 340 413 aedificarim,
367 373 490 413 tuear,
514 365 752 417 impendam,
772 371 831 415 tu,
852 377 915 402 me
939 364 1074 412 invito,
1101 365 1230 403 fruare

108 422 228 459 meo?
258 419 369 468 Quid
399 427 456 459 est
487 420 607 467 aliud,
641 420 724 458 aliis
750 432 820 457 sua
849 419 1006 470 eripere,
1033 419 1118 458 aliis
1142 420 1233 458 dare

107 473 264 513 aliena?
293 474 459 513 Tabulae
477 488 566 513 vero
585 487 694 513 novae
713 473 808 526 quid
832 473 976 511 habent
998 474 1231 525 argumenti,

108 527 197 575 nisi,
217 535 262 566 ut
281 541 384 567 emas
403 528 492 567 mea
510 529 675 581 pecunia
692 528 881 575 fundum3
903 540 993 566 eum
1013 535 1056 566 tu
1075 527 1232 576 habeas,

108 587 179 634 ego
197 594 277 621 non
295 583 461 622 habeam
480 583 684 634 pecuniam
699 585 716 622 Ρ

162 636 326 676 XXIV.
356 638 638 686 Quamobrem,
676 649 725 676 ne
762 636 811 675 sit
841 649 891 675 aes
923 636 1094 675 alienum
1128 636 1233 689 quod

106 690 326 742 reipublicae
353 699 501 740 noceat,
530 691 810 744 providendum
842 698 924 736 estg
966 691 1071 742 quod
1099 692 1234 731 multis

106 745 318 785 rationibus
337 746 461 785 caveri
478 754 625 798 potest;
657 758 749 793 non,
771 745 802 784 si
820 745 948 793 fuerit,
964 753 1009 783 ut
1026 746 1235 798 locupletes

108 812 224 838 suum
260 800 437 852 perdant,
476 801 662 839 debitores
698 801 893 839 lucrentur
929 799 1124 838 alienum:
1164 814 1236 840 nec

109 854 213 893 enim
240 855 323 893 ulla
355 868 414 893 res
450 855 714 894 vehementius
742 855 1022 906 rempublicam
1052 855 1234 905 continet,

108 921 229 960 quam
248 909 340 947 fides
355 923 366 955 ς
397 922 485 961 quae
503 923 582 948 esse
599 910 708 947 nulla
726 915 864 961 potest,
884 909 958 947 nisi
977 909 1048 947 erit
1066 921 1236 949 necessa-

107 963 166 1001 ria
179 963 317 1002 solutio
329 976 458 1002 rerum
470 963 711 1002 creditarum.
743 963 960 1014 Nunquam
972 963 1236 1004 vehementius

108 1024 239 1056 actum
252 1025 321 1065 est,
342 1030 462 1070 quam
480 1030 543 1056 me
558 1018 725 1066 consule,
739 1030 788 1056 ne
803 1018 1020 1056 solveretur.
1050 1018 1186 1058 Armis
1198 1026 1237 1058 et

109 1072 239 1110 castris
268 1079 413 1111 tentata
442 1085 500 1111 res
530 1080 586 1111 est
609 1074 656 1110 ab
683 1071 789 1111 omni
815 1084 953 1123 genere
975 1071 1179 1112 hominum
1199 1081 1238 1112 et

107 1126 266 1172 ordine3
297 1126 439 1178 quibus
458 1126 510 1164 sic
527 1127 662 1173 restiti,
682 1133 726 1164 ut
749 1126 821 1164 hoc
841 1133 993 1164 tantum
1019 1127 1168 1166 malum
1188 1128 1238 1167 de

107 1180 304 1232 republica
315 1181 521 1219 tolleretur.
543 1181 762 1232 Nunquam
775 1193 844 1219 nec
855 1182 983 1230 majus
998 1194 1048 1219 aes
1063 1182 1234 1221 alienum

108 1234 199 1282 fuit,
219 1248 290 1274 nec
313 1234 453 1274 melius
477 1248 547 1274 nec
571 1235 722 1274 facilius
748 1234 978 1273 dissolutum
1004 1244 1070 1274 est.
1110 1237 1236 1275 Frau-¹

108 1289 229 1328 dandi
246 1290 350 1328 enim
369 1303 436 1342 spe
454 1290 621 1337 sublata,
642 1289 812 1328 solvendi
824 1289 1022 1327 necessitas
1037 1299 1237 1330 consecuta

110 1350 178 1382 est.
207 1345 267 1383 At
277 1358 367 1383 vero
380 1344 457 1392 hic,
471 1357 574 1383 nunc
586 1344 717 1392 victor,
731 1351 816 1381 tum
830 1343 986 1395 quidem
999 1345 1120 1383 victus
1106 1366 1134 1393 ,
1149 1359 1238 1397 quae

110 1398 310 1449 ooom'tarat,
331 1412 375 1438 ea
391 1399 563 1450 perfecit,
584 1412 675 1438 cum
701 1399 783 1448 ejus
806 1399 888 1449 jam
908 1398 1006 1436 nihi]
1027 1399 1236 1438 interesset.-

111 1452 269 1491 Tanta
258 1466 299 1491 m
317 1466 362 1492 eo
381 1454 563 1505 peccandi
579 1453 699 1492 libido
722 1452 811 1501 fuit,
832 1460 876 1491 ut
900 1452 1008 1491 hoc
997 1466 1127 1505 ipsum
1146 1466 1237 1493 eum

111 1506 328 1555 delectaret,
348 1521 517 1559 peccare,
538 1508 654 1546 etiam
673 1507 705 1545 si
723 1519 837 1545 causa
854 1519 932 1545 non
947 1515 1053 1546 esset.

165 1561 235 1600 Ab
263 1561 337 1600 hoc
364 1561 483 1614 igitur
511 1575 649 1613 genere
677 1561 904 1612 largitionis,
930 1568 975 1599 ut
999 1560 1084 1600 aliis
1108 1560 1235 1612 detur,

111 1615 197 1654 aliis
214 1615 423 1664 auferatur,
443 1617 606 1654 aberunt
622 1615 665 1663 ii,
686 1616 755 1667 qui
773 1615 1051 1667 rempublicam
1071 1616 1237 1656 tuebun-

111 1676 200 1708 tur.
190 1684 200 1694 ·
231 1669 272 1708 in
290 1670 504 1732 primisque
521 1683 677 1722 operam
696 1670 857 1716 dabunt,
879 1676 923 1707 ut
944 1668 1042 1719 juris
1068 1677 1106 1709 et
1129 1671 1236 1720 judi-

111 1724 260 1763 ciorum
279 1724 458 1776 aequitate
476 1737 592 1763 suum
612 1724 775 1776 quisque
794 1731 946 1769 teneat3
976 1731 1014 1762 et
1031 1736 1157 1777 neque
1178 1732 1237 1764 te-

110 1779 263 1817 nuiores
281 1785 435 1831 propter
452 1778 712 1817 humilitatem
730 1777 1091 1825 circumveniantur,
1110 1792 1237 1832 neque

111 1833 381 1885 locupletibus,
413 1832 464 1871 ad
487 1845 558 1871 sua
588 1833 650 1871 vel
680 1831 846 1872 tenenda
872 1832 934 1871 vel
960 1834 1234 1885 recuperanda,

110 1888 211 1926 obsit
246 1887 415 1926 invidia·
457 1894 654 1940 praeterea,
687 1887 996 1939 quibuscumque
1031 1889 1145 1927 rebus
1173 1890 1236 1929 vel

110 1942 204 1981 belli
223 1941 283 1981 vel
301 1941 408 1980 domi
425 1949 619 1993 poterunt,
634 1940 913 1993 rempublicam
927 1949 1094 1992 augeant
1110 1942 1236 1995 impe-

111 1997 183 2045 rio,
204 1996 318 2049 agris,
345 1996 605 2048 vectigalibus.
649 1996 747 2035 Haec
772 2007 1004 2047 magnorum
1027 1996 1235 2037 hominum

112 2056 228 2098 suntg
256 2051 340 2090 haec
358 2051 464 2103 apud
486 2052 650 2101 maJOroe
671 2057 818 2089 nostros
842 2050 1038 2097 factimta3
1067 2051 1150 2091 haec
1167 2065 1235 2103 ge.—

110 2110 203 2144 nera
220 2105 433 2144 officiorum
451 2105 520 2158 qui
537 2111 832 2157 persequuntur,
847 2117 938 2144 cum
956 2105 1110 2144 summa
1129 2107 1236 2145 utilia

110 2164 189 2200 tate
206 2159 426 2211 reipublicae
443 2172 627 2212 magnam
645 2159 718 2213 ipsi
735 2159 994 2213 adipiscentur
1013 2167 1050 2199 et
1067 2160 1236 2212 gratiam·

112 2221 149 2252 et
168 2214 341 2266 gloriam.
