1470 2402
237 94 318 137 DE
345 95 771 146 DIVINATIONE,
791 95 893 136 Lm.
913 97 950 137 I.
971 96 1078 137 Car.
1102 96 1165 136 18.
1217 96 1267 135 15

138 206 295 245 acceem’t
318 206 539 255 auctoritas,
565 206 648 259 qui,
667 207 883 246 recentibus
901 206 1079 256 comitiis,
1098 206 1141 244 in
1160 219 1271 245 sena-

137 268 224 298 tum
237 260 460 311 introducti,
473 269 710 314 negaverunt
724 263 876 312 justum
894 261 1139 302 comitiorum
1157 274 1271 313 roga-

138 322 262 354 torem
279 315 410 355 fuisse.

192 369 363 410 XVIII.
395 371 451 410 Iis
468 370 588 422 igitur
607 371 804 419 assentior,
826 371 895 424 qui
909 370 987 410 duo
1013 383 1154 432 genera
1172 369 1272 408 divi-

136 424 339 464 nationum
352 438 431 464 esse
449 425 660 472 dixerunt;
690 438 830 473 unum,
851 425 957 478 quod
975 425 1164 478 particeps
1179 432 1277 463 esset

137 479 257 526 artis3
286 480 467 529 alterum,
487 480 593 532 quod
612 489 692 519 arte
706 489 860 520 careret.
891 480 964 519 Est
978 480 1083 518 enim
1099 493 1160 518 ars
1171 480 1211 518 in
1227 479 1275 517 iis

137 534 208 586 qui
240 546 359 574 novas
388 548 448 574 res
476 535 695 585 conjectura
719 543 1018 587 persequuntur,
1039 542 1184 574 veteres
1205 535 1278 572 ob-

139 589 352 629 servatione
370 589 598 628 didicerunt.
628 590 772 629 Carent
783 598 915 628 autem
935 598 1017 628 arte
1034 589 1076 637 ii,
1099 588 1181 641 qui,
1195 601 1274 627 non

139 643 287 683 ratione
316 652 385 683 aut
414 645 633 695 conjectura
666 645 874 684 observatis
901 657 946 682 ac
974 643 1114 683 notatis
1143 643 1276 695 signis,

140 697 208 736 sed
226 699 477 738 concitatione
502 699 673 751 quadam
692 700 827 747 animi,
849 708 917 737 aut
936 699 1060 738 soluto
1079 698 1278 750 liberoque

139 759 265 802 motu,
304 753 436 792 futura
473 755 726 806 prasentiunt
764 753 888 806 (quod
925 762 963 792 et
997 753 1278 792 somniantibus

140 820 243 859 saepe
270 809 472 861 contingit,
500 817 538 847 et
566 821 849 860 nonnunquam
883 807 1181 846 vaticinantibus
1210 819 1280 859 per

142 861 347 910 furorem),
374 872 419 902 ut
438 863 553 902 Bacis
567 863 755 911 Boeotius,
776 871 820 901 ut
841 862 1092 914 Epimenides
1104 862 1212 910 CreS,
1234 868 1280 899 ut

142 916 294 969 Sibylla
315 917 532 970 Erythraea.
581 918 706 968 Cujus
724 918 873 969 generis
891 918 1047 956 oracula
1066 917 1182 956 etiam
1208 916 1282 954 ha-

142 971 270 1010 benda
289 980 393 1022 sunt,
414 985 491 1011 non
512 986 556 1011 ea
575 986 663 1024 quae
688 973 849 1024 aequatis
873 972 1038 1011 sortibus
1067 971 1279 1019 ducuntur,

142 1025 211 1064 sed
229 1026 297 1065 illa
314 1041 403 1079 quae
430 1027 613 1066 instinctu
634 1027 765 1066 divino
791 1027 1004 1079 afflatuque
1031 1026 1253 1064 funduntur
1266 1040 1278 1064 ε

139 1080 212 1119 etsi
230 1081 314 1134 ipsa
328 1095 407 1121 sors
425 1082 706 1121 contemnenda
725 1094 803 1120 non
823 1090 892 1129 est,
907 1082 938 1121 si
958 1090 995 1120 et
1013 1081 1280 1120 auctoritatem

141 1134 260 1175 habet
278 1138 491 1186 vetustatis,
512 1146 559 1176 ut
575 1150 630 1176 eae
658 1145 749 1175 sunt
768 1145 900 1181 sortes
921 1149 1017 1189 quas
1037 1149 1057 1175 e
1076 1136 1177 1174 terra
1203 1134 1283 1173 edi-

142 1197 201 1229 tas
229 1191 473 1244 accepimus3
503 1205 592 1244 quae
614 1200 744 1230 tamen
775 1191 900 1230 ductae
929 1199 973 1229 ut
1002 1191 1043 1229 in
1076 1203 1160 1229 rem
1189 1197 1281 1252 apte

142 1245 297 1290 cadant,
319 1246 399 1285 fieri
414 1246 527 1286 credo
541 1259 650 1299 posse
668 1246 864 1285 divinitus.
896 1245 1079 1294 Quorum
1099 1245 1279 1283 omnium

140 1299 368 1353 interpretes
396 1306 458 1346 (ut
486 1302 742 1353 grammatici,
775 1306 998 1354 poetarum)
1028 1300 1206 1352 proxime
1232 1298 1282 1337 ad

140 1366 291 1404 eorum,
315 1369 414 1409 quos
442 1356 757 1410 interpretantur,
789 1355 1068 1395 divinationem
1101 1354 1283 1393 videntur

145 1410 336 1450 accedere.

199 1464 303 1514 Quae
330 1473 388 1505 est
404 1466 523 1518 igitur
541 1466 614 1504 ista
632 1465 834 1513 calliditas,
855 1479 914 1505 res
933 1472 1122 1504 vetustate
1147 1464 1284 1502 robus-

121 1557 129 1562 .
144 1526 205 1559 tas
223 1521 498 1560 calumniando
516 1521 616 1560 velle
634 1523 882 1573 pervertere?
914 1520 1008 1559 Non
1027 1519 1174 1572 reperio
1194 1531 1286 1556 cau-

144 1587 243 1614 sam.
275 1575 392 1615 Latet
405 1576 563 1615 fortasse
574 1575 805 1614 obscuritate
816 1575 992 1614 involuta
1006 1584 1168 1613 naturae.
1192 1572 1286 1611 Non

144 1630 252 1668 enim
274 1643 339 1670 me
368 1630 478 1670 Deus
501 1629 576 1669 ista
601 1631 709 1679 scire,
730 1631 797 1669 sed
821 1631 882 1670 his
913 1628 1187 1669 tantummodo
1211 1627 1286 1675 uti,

147 1685 283 1724 voluit.
313 1686 414 1725 Utar
442 1685 588 1737 igitu13
618 1698 688 1724 nec
722 1685 905 1733 adducar,
937 1693 981 1723 ut
1015 1697 1115 1732 rear,
1149 1689 1218 1721 aut
1243 1682 1286 1719 in

144 1739 247 1778 extis
267 1748 390 1779 totam
407 1739 609 1780 Etruriam
635 1740 810 1787 delirare,
832 1749 900 1779 aut
923 1739 1100 1778 eamdem
1130 1744 1288 1790 gentem

147 1793 188 1832 in
207 1793 429 1847 fulguribus
448 1808 586 1843 errare,
606 1803 674 1834 aut
695 1795 882 1834 fallaciter
900 1801 1078 1847 portenta
1096 1793 1285 1844 interpre-

146 1849 235 1897 tari,
266 1862 356 1890 cum
375 1857 486 1888 terrae
510 1862 610 1902 saepe
628 1849 819 1899 fremitus,
841 1863 941 1903 saepe
967 1848 1157 1909 mugitus,
1186 1858 1287 1898 saepe

146 1911 292 1952 motus,
321 1904 448 1943 multa
468 1912 608 1944 nostrae
625 1904 862 1956 reipublicae,
881 1904 1009 1942 multa
1025 1902 1172 1942 caeteris
1191 1901 1286 1940 civi-

146 1958 306 2008 tatibus,
326 1959 459 2012 gravia
477 1967 514 1998 et
533 1972 622 1997 vera
640 1959 899 2012 praedixerint.
941 1957 1084 2007 Quid?
1114 1957 1184 2010 qui
1203 1955 1290 1994 irri-

145 2012 273 2061 detur,
293 2022 427 2066 partus
444 2014 508 2052 hic
525 2014 659 2060 mulae,
681 2027 823 2063 nonne,
844 2014 938 2066 quia
955 2013 1056 2052 fetus
1075 2011 1225 2051 exstitit
1243 2010 1285 2048 ιιι

146 2068 346 2108 sterilitate
367 2077 529 2117 naturae,
555 2068 762 2121 praedictus
784 2077 841 2108 est
866 2071 915 2108 ab
937 2067 1209 2120 haruspicibus
1227 2065 1289 2103 in-

147 2123 341 2163 credibilis
370 2131 503 2176 partus
531 2123 762 2162 malorum?
791 2123 938 2172 Quid?
969 2123 1036 2161 Ti.
1073 2120 1288 2168 Gracchus,

150 2177 199 2216 P.
220 2178 266 2216 F.
287 2178 357 2231 qui
375 2179 435 2218 bis
453 2179 585 2218 consul
605 2186 644 2217 et
662 2192 795 2218 censor
813 2178 904 2226 fuit,
923 2178 1107 2229 idemque
1128 2183 1166 2215 et
1185 2187 1292 2214 sum-

151 2244 243 2273 mus
259 2246 401 2286 augur,
417 2240 456 2274 et
473 2234 532 2273 vir
550 2233 714 2287 sapiens,
735 2233 905 2286 civisque
917 2239 1132 2286 praestans·
1120 2259 1134 2278 ‚
1164 2241 1292 2269 nonne
