1470 2402
222 115 303 154 318
375 114 454 155 DE
484 113 866 165 OFFICIIS,11113.
889 114 972 155 111.
994 114 1099 155 CAP.
1120 115 1186 154 21.

212 223 398 276 Capitalis
412 224 601 272 Eteocles,
610 224 671 263 vel
684 224 811 276 potius
821 223 1042 277 Euripides,
1055 223 1123 276 qui
1136 223 1177 262 id
1191 235 1330 273 unum,

211 278 316 330 quod
341 279 517 317 omnium
543 280 873 317 sceleratissimum
897 279 1027 326 fuerit,
1047 278 1247 330 exceperit.

265 332 375 380 Quid
401 334 518 384 igitur
545 333 696 370 minuta
713 333 943 384 colligimus,
963 332 1214 381 haereditates,
1233 345 1335 372 mer-

211 393 374 435 caturas,
414 387 647 426 venditiones
679 387 973 426 fraudulentas?
1015 387 1117 426 Ecce
1149 387 1234 435 tibi,
1263 387 1333 439 qui

210 453 279 479 rex
306 441 441 493 populi
470 441 640 480 Romani
669 441 925 493 dominusque
948 442 1124 480 omnium
1156 441 1331 492 gentium

210 507 290 533 esse
308 496 553 546 concupierit,
574 495 690 547 idque
708 495 916 546 perfecerit.
947 496 1062 534 Hanc
1080 495 1329 547 cupiditatem

210 548 242 586 si
260 549 459 588 honestam
479 550 564 601 quis
583 563 662 588 esse
680 549 784 598 dicit,
805 563 936 588 amens
955 557 1010 588 est
1026 564 1036 587 :
1067 551 1204 601 probat
1224 550 1328 588 enim

211 602 344 654 legum
371 612 407 643 et
433 604 617 642 libertatis
643 604 856 653 interitum,
885 617 1094 656 earumque
1120 604 1331 655 oppressio-

207 668 297 695 nem
324 666 462 696 tetram
487 667 524 696 et
549 658 824 707 detestabilem,
853 658 1058 710 gloriosam
1080 665 1202 710 putat.
1246 658 1329 706 Qui

205 719 336 750 autem
355 713 509 760 fatetur,
529 712 733 751 honestum
753 725 830 750 non
850 726 942 760 esse,
962 712 1003 750 in
1018 713 1064 750 ea
1077 712 1229 751 civitate
1239 726 1328 764 quae

202 765 323 804 libera
340 766 428 813 fuit,
450 780 613 819 quaeque
632 780 711 805 esse
729 767 879 814 debeat,
899 779 1070 818 regnare,
1094 766 1161 805 sed
1182 766 1231 814 ei,
1259 767 1327 819 qui

201 820 241 858 id
260 821 382 859 facere
399 822 531 873 possit,
559 835 637 860 esse
663 821 783 867 utile3
814 822 892 873 qua
917 821 1021 859 hunc
1045 820 1324 872 objurgatione,

200 883 268 912 aut
279 888 357 927 quo
375 876 502 927 potius
514 876 695 923 convicio,
710 889 732 913 a
747 884 854 914 tanto
869 888 992 914 errore
1004 887 1117 914 coner
1130 875 1292 914 avellere
1306 878 1324 914 ἓ

199 929 333 968 Potest
360 930 463 968 enim
491 929 577 973 (Dii
605 930 840 971 immortales
855 930 886 973 2>
923 929 1104 981 cuiquam
1130 942 1209 968 aese
1231 930 1326 969 utile

197 983 448 1022 foedjssimum
497 993 533 1022 et
579 985 818 1022 teterrimum
865 984 1112 1035 parricidium
1161 983 1321 1035 patri-'23

198 1038 376 1088 quamvis
394 1039 440 1085 is,
461 1039 530 1090 qui
549 1052 587 1077 se
607 1052 650 1077 eo
669 1039 927 1085 obstrinxerit,
948 1039 997 1076 ab
1016 1038 1202 1090 oppressis
1231 1039 1323 1076 civi-

197 1093 270 1130 bus
291 1093 434 1131 Parens
461 1094 711 1131 nominetur?
742 1093 953 1131 Honestate
978 1093 1096 1144 igitur
1122 1092 1322 1143 dirigenda

197 1146 341 1184 utilitas
361 1156 430 1195 est,
451 1155 488 1185 et
506 1147 664 1199 quidem
685 1147 749 1195 sic,
772 1155 816 1185 ut
833 1147 915 1185 haec
933 1146 1011 1184 duo
1033 1148 1147 1184 verbo
1164 1146 1264 1184 inter
1282 1160 1321 1185 se

195 1200 420 1252 discrepare,
441 1214 481 1240 re
495 1209 624 1239 tamen
644 1213 767 1239 unum
788 1214 934 1248 sonare,
956 1200 1168 1239 videantur.

251 1255 343 1293 Non
363 1255 499 1301 habeo,
521 1256 569 1293 ad
584 1255 692 1306 vulgi
711 1256 943 1306 opinionem,
965 1268 1053 1305 quae
1070 1256 1194 1304 major
1212 1255 1318 1293 utili
1333 1276 1335 1278 ·

194 1316 266 1357 tas,
294 1323 424 1371 quam
439 1310 637 1372 regnandi,
669 1322 747 1348 esse
769 1310 905 1361 possit:
937 1309 1035 1346 nihil
1054 1317 1184 1348 contra
1202 1309 1321 1349 inuti-¹

194 1363 271 1401 lius
289 1365 339 1410 ei,
359 1364 427 1415 qui
445 1364 485 1401 id
504 1364 645 1425 injuste
664 1371 886 1403 consecutus
900 1363 962 1411 sit,
978 1364 1144 1411 invenio,
1166 1376 1255 1401 cum
1270 1364 1320 1402 ad

197 1419 394 1456 veritatem
431 1418 527 1469 coepi
556 1431 730 1457 revocare
766 1419 964 1456 rationem.
1010 1417 1178 1456 Possunt
1214 1418 1317 1456 enim

197 1472 378 1524 cuiquam
397 1486 477 1510 esse
494 1472 606 1510 utiles
625 1485 796 1524 angores,
818 1471 1103 1520 sollicitudines,
1133 1471 1261 1510 diurni
1280 1479 1318 1510 et

198 1528 374 1565 nocturni
414 1535 555 1576 metus,
593 1527 672 1565 vita
715 1527 942 1565 insidiarum
979 1526 1315 1579 periculorumque

196 1582 418 1634 plenissima
435 1584 452 1620 Ρ

252 1694 282 1714 “
303 1690 426 1784 ΜιέῙὲἱ
439 1691 574 1752 'iniqui
596 1698 712 1744 atque
741 1691 913 1730 infideles
936 1703 1067 1743 regn0‚
1087 1689 1200 1742 pauci
1225 1697 1316 1731 sunt

409 1746 493 1794 m'„

196 1856 324 1908 inquit
341 1855 497 1894 Accius.
537 1855 596 1894 At
615 1856 677 1894 cui
701 1859 850 1907 regno?
892 1855 1010 1908 quod,
1037 1869 1060 1894 a
1085 1854 1254 1894 Tantalo
1279 1860 1317 1892 et

196 1911 341 1962 Pelope
372 1910 583 1962 proditum,
607 1911 694 1960 jure
726 1910 980 1949 obtinebatur.
1029 1910 1137 1948 Nam
1171 1915 1316 1960 quanto

193 1965 323 2015 plures
342 1965 376 2002 ei
394 1964 474 2015 regi
491 1972 619 2016 putas,
633 1965 701 2017 qui
721 1965 887 2003 exercitu
905 1964 1040 2016 populi
1059 1962 1229 2002 Romani
1247 1975 1317 2014 po-

194 2019 334 2069 pulum
359 2019 487 2070 ipsum
514 2019 739 2057 Romanum
761 2019 1018 2071 oppressisset,
1045 2018 1316 2068 civitatemque

193 2084 271 2110 non
290 2073 406 2111 modo
423 2073 598 2119 liberam,
620 2073 684 2111 sed
703 2073 818 2111 etiam
841 2073 1019 2125 gentibus
1045 2072 1314 2123 imperantem,

193 2126 331 2164 servire
350 2127 421 2165 sibi
440 2127 652 2178 coegisset?
682 2128 802 2166 Hunc
828 2136 869 2166 tu
889 2140 985 2179 quas
1004 2125 1239 2164 conscientiae
1256 2125 1314 2162 la-

192 2181 259 2218 bes
273 2181 313 2218 in
329 2181 459 2219 animo
477 2194 604 2219 censes
622 2181 831 2221 habuisse?
861 2195 949 2233 quae
967 2181 1125 2219 vulnera
1141 2181 1159 2218 Ρ
1188 2179 1313 2230 Cujus

191 2242 322 2274 autem
343 2235 420 2274 vita
440 2235 513 2288 ipsi
532 2243 655 2287 potest
674 2236 778 2275 utilis
807 2249 900 2285 esse,
928 2248 1017 2274 cum
1044 2235 1126 2284 ejus
1156 2233 1245 2272 vitae
1269 2245 1313 2271 ea
