1470 2402
236 90 317 134 DE
345 92 774 145 DIVINATIONE,
805 94 907 134 Lm
931 96 966 135 I.
988 88 1179 142 cmi-1.
1230 99 1281 137 13

146 202 286 243 avibus
303 217 457 257 magnae
468 217 528 244 roe
545 204 734 257 impetriri
745 204 931 244 solebant.
962 205 1116 258 Itaque,
1129 207 1282 246 sinistra

149 257 247 297 dum
273 271 352 298 non
375 260 630 312 exquirimus,
649 260 690 298 in
719 259 803 297 dira
832 268 870 298 et
891 260 931 297 in
959 260 1094 299 vitiosa
1118 262 1282 301 incurri-

147 324 262 361 mus;
291 321 337 353 ut
355 313 403 352 P.
417 314 605 353 Claudius
622 314 747 366 Appii
768 313 870 353 Caeci
885 314 1002 361 filius,
1024 317 1183 368 ejusque
1202 317 1280 356 col-

146 366 247 430 lega,
268 367 317 407 L.
341 367 504 417 Junius,
529 369 665 408 classes
685 370 878 407 maximas
901 369 1163 432 perdiderunt,
1188 384 1278 410 cum

144 420 239 461 vitio
268 422 523 476 navigassent.
566 423 686 472 Quod
709 423 842 462 eodem
870 424 988 463 niodo
1013 426 1138 464 evenit
1165 426 1279 478 Aga-

145 478 371 517 memnoni·
358 507 371 525 ‚
402 479 485 531 qui,
505 490 596 517 cum
610 479 756 518 Achivi
770 478 969 531 coepissent

197 553 227 576 “
246 551 359 615 Inter
375 566 415 592 se
433 560 612 605 strepere,
628 561 836 606 aperteque
849 562 973 592 artem
988 555 1158 594 obterere
1177 555 1276 594 exti-

348 621 361 646 ,
467 622 478 632 .

191 621 348 703 80111εέ
361 621 526 715 icnlilpleiat
540 662 707 702 secundo
720 675 808 701 rum
811 675 889 711 ore,
903 661 1140 717 adversaque
1151 665 1256 703 avi.''

140 751 219 792 Sed
244 752 339 806 quid
361 754 522 792 vetera?
551 751 614 791 Μ.
650 752 788 792 Crasso
820 751 916 804 quid
946 753 1138 803 acciderit,
1168 755 1274 794 vide-

134 818 239 857 mus,
266 807 439 847 dirarum
461 807 754 846 obnuntiatione
776 807 963 859 neglecta.
1005 808 1055 847 In
1080 822 1159 862 quo
1183 811 1273 863 Ap-

130 862 234 914 pius,
255 863 401 916 collega
419 871 524 912 tuus,
546 864 670 902 bonus
689 874 828 914 augur,
850 866 912 905 (ut
931 876 978 902 ex
999 870 1037 902 te
1056 864 1190 904 audire
1209 879 1271 904 so-

132 917 210 966 100)
239 929 317 958 non
337 918 428 957 satis
446 918 608 957 scienter
632 917 759 955 virum
779 918 927 955 bonum
947 926 985 956 et
1010 919 1134 957 civem
1163 933 1270 972 egre-

130 972 241 1024 gium
274 984 406 1012 censor
431 973 478 1013 C.
511 972 676 1011 Ateium
709 972 871 1019 notavit,
904 972 1009 1024 quod
1035 974 1265 1014 ementitum

130 1027 301 1080 auspicia
320 1027 594 1090 subscripserit.
639 1026 762 1065 Esto·
806 1026 922 1064 fuerit
942 1026 1014 1066 hoc
1034 1029 1267 1090 cen.soris,si

122 1081 325 1131 judicabat
337 1083 578 1122 ementitum.
608 1082 668 1120 At
681 1080 780 1119 illud
793 1081 956 1120 minime
971 1083 1143 1134 auguris,
1160 1085 1266 1136 quod

126 1135 341 1190 adscripsit,
362 1139 412 1177 ob
432 1150 516 1176 eam
537 1149 691 1176 musam
713 1136 903 1197 populum
921 1136 1147 1176 Romanum
1165 1140 1267 1177 cala-

127 1191 301 1231 mitatem
322 1192 538 1231 maximam
557 1192 711 1245 cepisse.
756 1191 800 1230 Si
825 1191 928 1230 enim
957 1205 1002 1230 ea
1025 1205 1138 1231 causa
1163 1194 1263 1232 cala-

125 1246 272 1286 mitatis
290 1247 380 1294 fuit,
401 1259 478 1286 non
498 1247 538 1286 in
558 1260 603 1286 eo
622 1254 678 1286 oet
696 1246 812 1298 culpa
830 1246 899 1298 qui
918 1247 1176 1296 obnuntiavit,
1199 1249 1264 1287 sed

125 1299 167 1338 in
187 1313 232 1340 eo
251 1302 319 1354 qui
338 1314 416 1341 non
441 1302 582 1354 paruit.
628 1301 773 1340 Veram
795 1301 898 1339 enim
919 1300 1036 1340 fuisse
1054 1303 1263 1342 obnuntia-

125 1354 270 1395 tionem
291 1360 353 1401 (ut
371 1357 425 1396 ait
443 1358 546 1396 idem
561 1370 687 1409 augur
706 1364 743 1395 et
762 1362 910 1404 censor)
932 1357 1058 1396 exitus
1072 1359 1263 1419 approba-

127 1409 211 1457 vit;
241 1425 330 1464 quae
362 1412 394 1450 si
424 1412 521 1452 falsa
548 1412 696 1459 fuisset,
726 1411 876 1449 nullam
911 1411 1045 1450 afferre
1078 1412 1263 1464 potuisset

126 1477 283 1505 causam
309 1467 549 1506 calamitatis.
589 1466 749 1506 Etenim
775 1465 883 1513 dirae,
910 1466 1008 1505 sicut
1030 1474 1166 1506 caetera
1191 1481 1261 1506 au-

127 1520 260 1573 spicia,
281 1529 326 1561 ut
343 1523 489 1569 omina,
510 1530 555 1561 ut
573 1522 696 1574 signa,
721 1533 798 1560 non
826 1533 958 1560 causas
984 1522 1163 1567 afferunt,
1192 1536 1263 1562 cur

126 1576 223 1627 quid
248 1577 411 1626 eveniat,
431 1577 498 1616 sed
525 1577 708 1616 nuntiant
730 1584 905 1623 ventura,
936 1575 1009 1614 nisi
1034 1577 1256 1628 provideris.

127 1629 222 1670 Non
248 1631 367 1684 igitur
391 1632 634 1671 obnuntiatio
653 1631 762 1670 Ateii
790 1643 945 1670 causam
965 1631 1079 1669 finxit
1099 1633 1257 1670 calami-

121 1685 236 1734 tatis,
225 1700 235 1711 ·
265 1687 335 1726 sed
349 1687 459 1739 signo
476 1689 627 1738 objecto
644 1686 798 1725 monuit
818 1685 1017 1734 Crassum,
1034 1686 1130 1738 quid
1144 1699 1258 1725 even-

119 1745 254 1780 turum
273 1749 383 1791 esset,
399 1741 473 1781 11151
491 1743 661 1782 cavisset.
693 1741 756 1779 Ita
774 1749 843 1779 aut
857 1740 925 1778 illa
938 1741 1182 1779 obnuntiatio
1197 1742 1257 1780 ni·

119 1793 178 1833 hil
197 1796 345 1843 valuit3
375 1804 444 1835 aut
463 1797 508 1846 51,
530 1805 575 1836 ut
592 1796 751 1849 Appius
767 1795 929 1846 judicat,
958 1795 1095 1846 valuit,
1122 1796 1162 1834 id
1188 1809 1256 1835 va-

116 1848 205 1898 luit,
226 1858 272 1889 ut
289 1859 491 1903 peccatum
511 1851 685 1899 haereret,
710 1863 789 1889 non
814 1849 856 1888 in
881 1862 926 1889 eo
945 1849 1015 1902 qui
1042 1851 1253 1901 monuerit,

115 1903 205 1942 sed
194 1917 234 1943 in
249 1918 294 1945 eo
312 1906 382 1959 qui
400 1918 478 1945 non
498 1905 785 1958 obtemperarit

171 1958 317 1999 XVII.
363 1960 505 2009 Quid?
540 1961 662 2000 lituus
687 1960 758 1999 iste
785 1967 923 2008 vester,
955 1959 1061 2012 quod
1089 1960 1254 2000 clarissi-

115 2024 228 2053 mum
247 2023 304 2054 051
322 2015 473 2067 insigne
490 2018 715 2068 auguratus,
729 2015 833 2054 unde
847 2014 956 2054 vobis
981 2022 1037 2054 est
1057 2015 1254 2055 traditus?

114 2067 272 2122 Nempe
291 2083 336 2109 eo
354 2070 552 2110 Romulus
569 2071 745 2123 regiones
769 2069 912 2109 direxit
930 2077 1032 2118 tum,
1052 2083 1145 2110 cum
1169 2070 1250 2110 Ur-

113 2123 204 2162 bem
223 2124 418 2164 condidit:
449 2126 518 2178 qui
543 2125 703 2178 quidem
732 2125 896 2164 Romuli
923 2124 1059 2174 lituus,
1089 2123 1151 2174 [id
1177 2133 1248 2175 est,

112 2176 338 2243 incurvum,
371 2187 409 2219 et
436 2181 571 2220 leviter
593 2194 616 2220 a
641 2192 797 2219 summo
821 2180 1013 2219 inflexum
1044 2179 1248 2228 bacillum,

109 2232 216 2284 quod
234 2235 284 2273 ab
303 2235 387 2285 ejus
404 2235 507 2284 litui,
535 2248 614 2288 quo
639 2235 804 2285 canitur,
825 2233 1080 2275 similitudine
1104 2246 1249 2275 nomen

164 2287 355 2339 (Philas.)
380 2301 487 2331 VOL-
509 2302 574 2330 n.
884 2300 908 2328 C
