<?xml version="1.0" encoding="UTF-8"?>
<!DOCTYPE html PUBLIC "-//W3C//DTD XHTML 1.0 Transitional//EN"
    "http://www.w3.org/TR/xhtml1/DTD/xhtml1-transitional.dtd">
<html xmlns="http://www.w3.org/1999/xhtml" xml:lang="en" lang="en">
 <head>
  <title>
</title>
<meta http-equiv="Content-Type" content="text/html;charset=utf-8" />
  <meta name='ocr-system' content='tesseract 3.04.00' />
  <meta name='ocr-capabilities' content='ocr_page ocr_carea ocr_par ocr_line ocrx_word'/>
</head>
<body>
  <div class='ocr_page' id='page_1' title='image "./operaern04ciceuoft_0083.png"; bbox 0 0 1470 2402; ppageno 0'>
   <div class='ocr_carea' id='block_1_1' title="bbox 219 90 1223 141">
    <p class='ocr_par' dir='ltr' id='par_1_1' title="bbox 219 90 1223 141">
     <span class='ocr_line' id='line_1_1' title="bbox 219 90 1223 141; baseline -0.002 -10"><span class='ocrx_word' id='word_1_1' title='bbox 219 91 297 132; x_wconf 85' lang='lat' dir='ltr'><strong>DE</strong></span> <span class='ocrx_word' id='word_1_2' title='bbox 324 90 741 141; x_wconf 86' lang='lat' dir='ltr'>DIVINATIONE,</span> <span class='ocrx_word' id='word_1_3' title='bbox 755 91 854 130; x_wconf 78' lang='lat' dir='ltr'><strong>Lm.</strong></span> <span class='ocrx_word' id='word_1_4' title='bbox 869 91 927 130; x_wconf 89' lang='grc' dir='ltr'><strong>ΙΙ.</strong></span> <span class='ocrx_word' id='word_1_5' title='bbox 941 90 1046 130; x_wconf 78' lang='lat' dir='ltr'><strong>CAP.</strong></span> <span class='ocrx_word' id='word_1_6' title='bbox 1058 91 1124 130; x_wconf 80' lang='lat'><strong>20.</strong></span> <span class='ocrx_word' id='word_1_7' title='bbox 1170 91 1223 129; x_wconf 79' lang='lat'><strong>69</strong></span> 
     </span>
    </p>
   </div>
   <div class='ocr_carea' id='block_1_2' title="bbox 116 198 1232 1324">
    <p class='ocr_par' dir='ltr' id='par_1_2' title="bbox 116 198 1226 302">
     <span class='ocr_line' id='line_1_2' title="bbox 117 198 1226 261; baseline -0.001 -23"><span class='ocrx_word' id='word_1_8' title='bbox 117 212 180 239; x_wconf 85' lang='lat' dir='ltr'><strong>eos</strong></span> <span class='ocrx_word' id='word_1_9' title='bbox 197 199 385 238; x_wconf 77' lang='lat' dir='ltr'><strong>anhelitus</strong></span> <span class='ocrx_word' id='word_1_10' title='bbox 403 206 525 247; x_wconf 90' lang='lat' dir='ltr'><strong>terrae,</strong></span> <span class='ocrx_word' id='word_1_11' title='bbox 541 199 610 251; x_wconf 91' lang='lat' dir='ltr'><strong>qui</strong></span> <span class='ocrx_word' id='word_1_12' title='bbox 626 198 755 251; x_wconf 82' lang='lat' dir='ltr'>frigidi</span> <span class='ocrx_word' id='word_1_13' title='bbox 769 199 857 261; x_wconf 81' lang='lat' dir='ltr'><strong>sint,</strong></span> <span class='ocrx_word' id='word_1_14' title='bbox 872 211 962 238; x_wconf 89' lang='lat' dir='ltr'><strong>cum</strong></span> <span class='ocrx_word' id='word_1_15' title='bbox 976 198 1092 237; x_wconf 90' lang='lat' dir='ltr'><strong>fluere</strong></span> <span class='ocrx_word' id='word_1_16' title='bbox 1106 210 1226 249; x_wconf 84' lang='lat' dir='ltr'><strong>coepe-</strong></span> 
     </span>
     <span class='ocr_line' id='line_1_3' title="bbox 116 252 1223 302; baseline -0.002 -11"><span class='ocrx_word' id='word_1_17' title='bbox 116 252 207 302; x_wconf 88' lang='lat' dir='ltr'><strong>rint,</strong></span> <span class='ocrx_word' id='word_1_18' title='bbox 226 260 356 292; x_wconf 89' lang='lat' dir='ltr'><strong>ventos</strong></span> <span class='ocrx_word' id='word_1_19' title='bbox 373 266 475 300; x_wconf 86' lang='lat' dir='ltr'><strong>esse;</strong></span> <span class='ocrx_word' id='word_1_20' title='bbox 505 266 594 291; x_wconf 91' lang='lat' dir='ltr'><strong>cum</strong></span> <span class='ocrx_word' id='word_1_21' title='bbox 609 262 737 291; x_wconf 77' lang='lat' dir='ltr'><strong>autem</strong></span> <span class='ocrx_word' id='word_1_22' title='bbox 752 267 789 292; x_wconf 92' lang='lat' dir='ltr'><strong>se</strong></span> <span class='ocrx_word' id='word_1_23' title='bbox 802 254 843 291; x_wconf 86' lang='lat' dir='ltr'><strong>in</strong></span> <span class='ocrx_word' id='word_1_24' title='bbox 857 255 1000 292; x_wconf 90' lang='lat' dir='ltr'><strong>nubem</strong></span> <span class='ocrx_word' id='word_1_25' title='bbox 1014 252 1223 300; x_wconf 85' lang='lat' dir='ltr'>induerint,</span> 
     </span>
    </p>

    <p class='ocr_par' dir='ltr' id='par_1_3' title="bbox 117 305 1227 358">
     <span class='ocr_line' id='line_1_4' title="bbox 117 305 1227 358; baseline -0.001 -14"><span class='ocrx_word' id='word_1_26' title='bbox 117 307 273 358; x_wconf 89' lang='lat' dir='ltr'><strong>ejusque</strong></span> <span class='ocrx_word' id='word_1_27' title='bbox 291 307 550 345; x_wconf 82' lang='lat' dir='ltr'><strong>tenuissimam</strong></span> <span class='ocrx_word' id='word_1_28' title='bbox 564 320 757 358; x_wconf 83' lang='lat' dir='ltr'><strong>quamque</strong></span> <span class='ocrx_word' id='word_1_29' title='bbox 774 315 922 358; x_wconf 89' lang='lat' dir='ltr'><strong>partem</strong></span> <span class='ocrx_word' id='word_1_30' title='bbox 933 306 1111 357; x_wconf 84' lang='lat' dir='ltr'><strong>coeperint</strong></span> <span class='ocrx_word' id='word_1_31' title='bbox 1129 305 1227 343; x_wconf 89' lang='lat' dir='ltr'><strong>divi-</strong></span> 
     </span>
    </p>

    <p class='ocr_par' dir='ltr' id='par_1_4' title="bbox 116 358 1232 1055">
     <span class='ocr_line' id='line_1_5' title="bbox 116 358 1227 412; baseline -0.002 -14"><span class='ocrx_word' id='word_1_32' title='bbox 116 360 204 398; x_wconf 87' lang='lat' dir='ltr'><strong>dere</strong></span> <span class='ocrx_word' id='word_1_33' title='bbox 222 368 336 412; x_wconf 89' lang='lat' dir='ltr'><strong>atque</strong></span> <span class='ocrx_word' id='word_1_34' title='bbox 354 360 600 412; x_wconf 79' lang='lat' dir='ltr'>disrumpere,</span> <span class='ocrx_word' id='word_1_35' title='bbox 620 361 736 412; x_wconf 89' lang='lat' dir='ltr'><strong>idque</strong></span> <span class='ocrx_word' id='word_1_36' title='bbox 750 362 914 399; x_wconf 88' lang='lat' dir='ltr'><strong>crebrius</strong></span> <span class='ocrx_word' id='word_1_37' title='bbox 928 360 1048 398; x_wconf 83' lang='lat' dir='ltr'><strong>facere</strong></span> <span class='ocrx_word' id='word_1_38' title='bbox 1063 367 1100 397; x_wconf 88' lang='lat' dir='ltr'><strong>et</strong></span> <span class='ocrx_word' id='word_1_39' title='bbox 1113 358 1227 396; x_wconf 86' lang='lat' dir='ltr'><strong>vehe-</strong></span> 
     </span>
     <span class='ocr_line' id='line_1_6' title="bbox 117 412 1227 465; baseline -0.002 -14"><span class='ocrx_word' id='word_1_40' title='bbox 117 414 295 460; x_wconf 84' lang='lat' dir='ltr'><strong>mentius,</strong></span> <span class='ocrx_word' id='word_1_41' title='bbox 315 421 400 452; x_wconf 90' lang='lat' dir='ltr'><strong>tum</strong></span> <span class='ocrx_word' id='word_1_42' title='bbox 419 421 456 452; x_wconf 94' lang='lat' dir='ltr'><strong>et</strong></span> <span class='ocrx_word' id='word_1_43' title='bbox 474 414 629 465; x_wconf 83' lang='lat' dir='ltr'>fulgura</span> <span class='ocrx_word' id='word_1_44' title='bbox 647 422 684 452; x_wconf 89' lang='lat' dir='ltr'><strong>et</strong></span> <span class='ocrx_word' id='word_1_45' title='bbox 698 415 864 452; x_wconf 90' lang='lat' dir='ltr'><strong>tonitrua</strong></span> <span class='ocrx_word' id='word_1_46' title='bbox 882 414 1081 453; x_wconf 78' lang='lat' dir='ltr'><strong>exsistere:</strong></span> <span class='ocrx_word' id='word_1_47' title='bbox 1112 412 1144 450; x_wconf 93' lang='lat' dir='ltr'><strong>si</strong></span> <span class='ocrx_word' id='word_1_48' title='bbox 1158 425 1227 450; x_wconf 86' lang='lat' dir='ltr'><strong>au-</strong></span> 
     </span>
     <span class='ocr_line' id='line_1_7' title="bbox 118 465 1229 519; baseline -0.001 -15"><span class='ocrx_word' id='word_1_49' title='bbox 118 473 194 505; x_wconf 91' lang='lat' dir='ltr'><strong>tem</strong></span> <span class='ocrx_word' id='word_1_50' title='bbox 213 467 376 506; x_wconf 91' lang='lat' dir='ltr'><strong>nubium</strong></span> <span class='ocrx_word' id='word_1_51' title='bbox 393 468 568 506; x_wconf 86' lang='lat' dir='ltr'><strong>conflictu</strong></span> <span class='ocrx_word' id='word_1_52' title='bbox 588 467 698 506; x_wconf 89' lang='lat' dir='ltr'><strong>ardor</strong></span> <span class='ocrx_word' id='word_1_53' title='bbox 717 481 912 519; x_wconf 84' lang='lat' dir='ltr'><strong>expressus</strong></span> <span class='ocrx_word' id='word_1_54' title='bbox 932 481 971 505; x_wconf 87' lang='lat' dir='ltr'><strong>se</strong></span> <span class='ocrx_word' id='word_1_55' title='bbox 989 466 1167 514; x_wconf 82' lang='lat' dir='ltr'><strong>emiserit,</strong></span> <span class='ocrx_word' id='word_1_56' title='bbox 1186 465 1229 504; x_wconf 89' lang='lat' dir='ltr'><strong>id</strong></span> 
     </span>
     <span class='ocr_line' id='line_1_8' title="bbox 117 519 1227 572; baseline -0.001 -13"><span class='ocrx_word' id='word_1_57' title='bbox 117 533 195 559; x_wconf 59' lang='lat' dir='ltr'><strong>esse</strong></span> <span class='ocrx_word' id='word_1_58' title='bbox 207 520 367 560; x_wconf 83' lang='lat' dir='ltr'><strong>fulmen.</strong></span> <span class='ocrx_word' id='word_1_59' title='bbox 397 521 514 569; x_wconf 90' lang='lat' dir='ltr'><strong>Quod</strong></span> <span class='ocrx_word' id='word_1_60' title='bbox 527 521 644 572; x_wconf 85' lang='lat' dir='ltr'><strong>igitur</strong></span> <span class='ocrx_word' id='word_1_61' title='bbox 656 522 693 559; x_wconf 91' lang='lat' dir='ltr'><strong>vi</strong></span> <span class='ocrx_word' id='word_1_62' title='bbox 707 530 864 569; x_wconf 86' lang='lat' dir='ltr'><strong>naturae,</strong></span> <span class='ocrx_word' id='word_1_63' title='bbox 881 522 989 559; x_wconf 63' lang='lat' dir='ltr'><strong>nulla</strong></span> <span class='ocrx_word' id='word_1_64' title='bbox 1003 519 1227 567; x_wconf 60' lang='lat' dir='ltr'><strong>constantia,</strong></span> 
     </span>
     <span class='ocr_line' id='line_1_9' title="bbox 117 572 1228 626; baseline -0.002 -14"><span class='ocrx_word' id='word_1_65' title='bbox 117 574 224 612; x_wconf 89' lang='lat' dir='ltr'><strong>nullo</strong></span> <span class='ocrx_word' id='word_1_66' title='bbox 242 583 323 613; x_wconf 87' lang='lat' dir='ltr'><strong>rato</strong></span> <span class='ocrx_word' id='word_1_67' title='bbox 341 582 523 626; x_wconf 88' lang='lat' dir='ltr'><strong>tempore,</strong></span> <span class='ocrx_word' id='word_1_68' title='bbox 543 575 714 613; x_wconf 79' lang='lat' dir='ltr'><strong>videmus</strong></span> <span class='ocrx_word' id='word_1_69' title='bbox 734 575 843 623; x_wconf 87' lang='lat' dir='ltr'><strong>effici,</strong></span> <span class='ocrx_word' id='word_1_70' title='bbox 858 589 904 613; x_wconf 75' lang='lat' dir='ltr'><strong>ex</strong></span> <span class='ocrx_word' id='word_1_71' title='bbox 925 588 968 613; x_wconf 93' lang='lat' dir='ltr'><strong>eo</strong></span> <span class='ocrx_word' id='word_1_72' title='bbox 987 572 1228 625; x_wconf 82' lang='lat' dir='ltr'><strong>significatio-</strong></span> 
     </span>
     <span class='ocr_line' id='line_1_10' title="bbox 117 626 1230 680; baseline -0.002 -14"><span class='ocrx_word' id='word_1_73' title='bbox 117 639 206 666; x_wconf 90' lang='lat' dir='ltr'><strong>nem</strong></span> <span class='ocrx_word' id='word_1_74' title='bbox 233 641 362 666; x_wconf 89' lang='lat' dir='ltr'><strong>rerum</strong></span> <span class='ocrx_word' id='word_1_75' title='bbox 389 629 699 680; x_wconf 85' lang='lat' dir='ltr'><strong>consequentium</strong></span> <span class='ocrx_word' id='word_1_76' title='bbox 728 629 933 680; x_wconf 84' lang='lat' dir='ltr'><strong>quaerimus</strong></span> <span class='ocrx_word' id='word_1_77' title='bbox 948 630 964 666; x_wconf 72' lang='grc' dir='ltr'><em>Ρ</em></span> <span class='ocrx_word' id='word_1_78' title='bbox 1005 627 1168 673; x_wconf 81' lang='lat' dir='ltr'><strong>Scilicet,</strong></span> <span class='ocrx_word' id='word_1_79' title='bbox 1198 626 1230 665; x_wconf 88' lang='lat' dir='ltr'><strong>si</strong></span> 
     </span>
     <span class='ocr_line' id='line_1_11' title="bbox 116 680 1230 733; baseline -0.001 -14"><span class='ocrx_word' id='word_1_80' title='bbox 116 680 189 719; x_wconf 87' lang='lat' dir='ltr'><strong>ista</strong></span> <span class='ocrx_word' id='word_1_81' title='bbox 206 681 360 732; x_wconf 89' lang='lat' dir='ltr'><strong>Jupiter</strong></span> <span class='ocrx_word' id='word_1_82' title='bbox 386 682 624 733; x_wconf 84' lang='lat' dir='ltr'><strong>significaret,</strong></span> <span class='ocrx_word' id='word_1_83' title='bbox 650 690 729 720; x_wconf 83' lang='lat' dir='ltr'><strong>tam</strong></span> <span class='ocrx_word' id='word_1_84' title='bbox 754 683 877 720; x_wconf 85' lang='lat' dir='ltr'><strong>multa</strong></span> <span class='ocrx_word' id='word_1_85' title='bbox 901 682 1041 720; x_wconf 88' lang='lat' dir='ltr'><strong>frustra</strong></span> <span class='ocrx_word' id='word_1_86' title='bbox 1064 680 1230 719; x_wconf 87' lang='lat' dir='ltr'><strong>fulmina</strong></span> 
     </span>
     <span class='ocr_line' id='line_1_12' title="bbox 117 734 1230 787; baseline 0 -15"><span class='ocrx_word' id='word_1_87' title='bbox 117 734 335 774; x_wconf 79' lang='lat' dir='ltr'><strong>emitteret?</strong></span> <span class='ocrx_word' id='word_1_88' title='bbox 366 736 474 784; x_wconf 90' lang='lat' dir='ltr'><strong>Quid</strong></span> <span class='ocrx_word' id='word_1_89' title='bbox 487 736 589 774; x_wconf 87' lang='lat' dir='ltr'><strong>enim</strong></span> <span class='ocrx_word' id='word_1_90' title='bbox 603 735 764 787; x_wconf 88' lang='lat' dir='ltr'><strong>proficit,</strong></span> <span class='ocrx_word' id='word_1_91' title='bbox 781 749 869 774; x_wconf 89' lang='lat' dir='ltr'><strong>cum</strong></span> <span class='ocrx_word' id='word_1_92' title='bbox 884 736 924 773; x_wconf 91' lang='lat' dir='ltr'><strong>in</strong></span> <span class='ocrx_word' id='word_1_93' title='bbox 938 735 1110 774; x_wconf 88' lang='lat' dir='ltr'><strong>medium</strong></span> <span class='ocrx_word' id='word_1_94' title='bbox 1123 746 1230 772; x_wconf 87' lang='lat' dir='ltr'><strong>mare</strong></span> 
     </span>
     <span class='ocr_line' id='line_1_13' title="bbox 117 787 1231 839; baseline -0.001 -13"><span class='ocrx_word' id='word_1_95' title='bbox 117 788 267 827; x_wconf 85' lang='lat' dir='ltr'><strong>fulmen</strong></span> <span class='ocrx_word' id='word_1_96' title='bbox 281 789 404 838; x_wconf 81' lang='lat' dir='ltr'><strong>jacit?</strong></span> <span class='ocrx_word' id='word_1_97' title='bbox 432 789 553 838; x_wconf 86' lang='lat' dir='ltr'><strong>Quid,</strong></span> <span class='ocrx_word' id='word_1_98' title='bbox 567 802 654 828; x_wconf 85' lang='lat' dir='ltr'><strong>cum</strong></span> <span class='ocrx_word' id='word_1_99' title='bbox 666 789 706 827; x_wconf 93' lang='lat' dir='ltr'><strong>in</strong></span> <span class='ocrx_word' id='word_1_100' title='bbox 719 790 918 827; x_wconf 86' lang='lat' dir='ltr'><strong>altissimos</strong></span> <span class='ocrx_word' id='word_1_101' title='bbox 931 788 1106 827; x_wconf 76' lang='lat' dir='ltr'><strong>montes‘²</strong></span> <span class='ocrx_word' id='word_1_102' title='bbox 1126 787 1231 839; x_wconf 90' lang='lat' dir='ltr'><strong>quod</strong></span> 
     </span>
     <span class='ocr_line' id='line_1_14' title="bbox 117 841 1228 894; baseline 0 -15"><span class='ocrx_word' id='word_1_103' title='bbox 117 841 345 894; x_wconf 90' lang='lat' dir='ltr'><strong>plerumque</strong></span> <span class='ocrx_word' id='word_1_104' title='bbox 370 843 436 881; x_wconf 91' lang='lat' dir='ltr'><strong>fit:</strong></span> <span class='ocrx_word' id='word_1_105' title='bbox 468 843 576 894; x_wconf 92' lang='lat' dir='ltr'><strong>quid,</strong></span> <span class='ocrx_word' id='word_1_106' title='bbox 603 856 691 882; x_wconf 89' lang='lat' dir='ltr'><strong>cum</strong></span> <span class='ocrx_word' id='word_1_107' title='bbox 719 843 759 880; x_wconf 90' lang='lat' dir='ltr'><strong>in</strong></span> <span class='ocrx_word' id='word_1_108' title='bbox 787 844 949 882; x_wconf 84' lang='lat' dir='ltr'><strong>desertas</strong></span> <span class='ocrx_word' id='word_1_109' title='bbox 976 841 1228 881; x_wconf 85' lang='lat' dir='ltr'><strong>solitudines?</strong></span> 
     </span>
     <span class='ocr_line' id='line_1_15' title="bbox 117 896 1232 958; baseline -0.002 -25"><span class='ocrx_word' id='word_1_110' title='bbox 117 896 227 947; x_wconf 89' lang='lat' dir='ltr'><strong>quid,</strong></span> <span class='ocrx_word' id='word_1_111' title='bbox 248 909 336 934; x_wconf 90' lang='lat' dir='ltr'><strong>cum</strong></span> <span class='ocrx_word' id='word_1_112' title='bbox 355 896 396 934; x_wconf 89' lang='lat' dir='ltr'><strong>in</strong></span> <span class='ocrx_word' id='word_1_113' title='bbox 415 910 545 934; x_wconf 90' lang='lat' dir='ltr'><strong>earum</strong></span> <span class='ocrx_word' id='word_1_114' title='bbox 563 897 737 958; x_wconf 83' lang='lat' dir='ltr'><strong>gentium</strong></span> <span class='ocrx_word' id='word_1_115' title='bbox 755 910 852 945; x_wconf 89' lang='lat' dir='ltr'><strong>oras,</strong></span> <span class='ocrx_word' id='word_1_116' title='bbox 868 897 908 934; x_wconf 88' lang='lat' dir='ltr'><strong>in</strong></span> <span class='ocrx_word' id='word_1_117' title='bbox 927 896 1067 948; x_wconf 91' lang='lat' dir='ltr'><strong>quibus</strong></span> <span class='ocrx_word' id='word_1_118' title='bbox 1084 896 1166 933; x_wconf 85' lang='lat' dir='ltr'><strong>haec</strong></span> <span class='ocrx_word' id='word_1_119' title='bbox 1182 907 1232 932; x_wconf 93' lang='lat' dir='ltr'><strong>ne</strong></span> 
     </span>
     <span class='ocr_line' id='line_1_16' title="bbox 117 947 1231 1001; baseline -0.001 -14"><span class='ocrx_word' id='word_1_120' title='bbox 117 951 364 988; x_wconf 83' lang='lat' dir='ltr'><strong>observantur</strong></span> <span class='ocrx_word' id='word_1_121' title='bbox 383 950 537 1001; x_wconf 87' lang='lat' dir='ltr'><strong>quidem</strong></span> <span class='ocrx_word' id='word_1_122' title='bbox 550 950 568 987; x_wconf 72' lang='grc' dir='ltr'>Ρ</span> <span class='ocrx_word' id='word_1_123' title='bbox 596 950 655 988; x_wconf 90' lang='lat' dir='ltr'><strong>At</strong></span> <span class='ocrx_word' id='word_1_124' title='bbox 673 951 871 988; x_wconf 86' lang='lat' dir='ltr'><strong>inventum</strong></span> <span class='ocrx_word' id='word_1_125' title='bbox 890 958 944 989; x_wconf 87' lang='lat' dir='ltr'><strong>est</strong></span> <span class='ocrx_word' id='word_1_126' title='bbox 969 957 1082 1000; x_wconf 88' lang='lat' dir='ltr'><strong>caput</strong></span> <span class='ocrx_word' id='word_1_127' title='bbox 1100 949 1141 987; x_wconf 89' lang='lat' dir='ltr'><strong>in</strong></span> <span class='ocrx_word' id='word_1_128' title='bbox 1159 947 1231 986; x_wconf 88' lang='lat' dir='ltr'><strong>Ti-</strong></span> 
     </span>
     <span class='ocr_line' id='line_1_17' title="bbox 117 1003 1229 1065; baseline -0.001 -24"><span class='ocrx_word' id='word_1_129' title='bbox 117 1003 210 1041; x_wconf 88' lang='lat' dir='ltr'><strong>beri.</strong></span> <span class='ocrx_word' id='word_1_130' title='bbox 240 1003 363 1051; x_wconf 85' lang='lat' dir='ltr'><strong>Quasi</strong></span> <span class='ocrx_word' id='word_1_131' title='bbox 381 1017 450 1055; x_wconf 88' lang='lat' dir='ltr'><strong>ego</strong></span> <span class='ocrx_word' id='word_1_132' title='bbox 475 1011 595 1042; x_wconf 90' lang='lat' dir='ltr'><strong>artem</strong></span> <span class='ocrx_word' id='word_1_133' title='bbox 621 1004 791 1065; x_wconf 84' lang='lat' dir='ltr'><strong>aliquam</strong></span> <span class='ocrx_word' id='word_1_134' title='bbox 809 1004 969 1042; x_wconf 89' lang='lat' dir='ltr'><strong>istorum</strong></span> <span class='ocrx_word' id='word_1_135' title='bbox 984 1016 1061 1041; x_wconf 87' lang='lat' dir='ltr'><strong>esse</strong></span> <span class='ocrx_word' id='word_1_136' title='bbox 1079 1014 1229 1053; x_wconf 86' lang='lat' dir='ltr'><strong>negem.</strong></span> 
     </span>
    </p>

    <p class='ocr_par' dir='ltr' id='par_1_5' title="bbox 118 1056 1231 1266">
     <span class='ocr_line' id='line_1_18' title="bbox 119 1056 1231 1108; baseline -0.002 -14"><span class='ocrx_word' id='word_1_137' title='bbox 119 1056 405 1096; x_wconf 70' lang='lat' dir='ltr'><strong>Divinationem</strong></span> <span class='ocrx_word' id='word_1_138' title='bbox 437 1070 546 1108; x_wconf 88' lang='lat' dir='ltr'><strong>nego.</strong></span> <span class='ocrx_word' id='word_1_139' title='bbox 587 1057 683 1096; x_wconf 87' lang='lat' dir='ltr'><strong>Coeli</strong></span> <span class='ocrx_word' id='word_1_140' title='bbox 716 1058 818 1095; x_wconf 90' lang='lat' dir='ltr'><strong>enim</strong></span> <span class='ocrx_word' id='word_1_141' title='bbox 850 1057 1064 1096; x_wconf 86' lang='lat' dir='ltr'><strong>distributio</strong></span> <span class='ocrx_word' id='word_1_142' title='bbox 1095 1059 1138 1107; x_wconf 91' lang='lat' dir='ltr'><strong>(q</strong></span> <span class='ocrx_word' id='word_1_143' title='bbox 1138 1068 1231 1093; x_wconf 89' lang='lat' dir='ltr'><strong>uam</strong></span> 
     </span>
     <span class='ocr_line' id='line_1_19' title="bbox 119 1070 1231 1159; baseline -0.002 -11"><span class='ocrx_word' id='word_1_144' title='bbox 119 1118 207 1149; x_wconf 87' lang='lat' dir='ltr'><strong>ante</strong></span> <span class='ocrx_word' id='word_1_145' title='bbox 230 1111 342 1159; x_wconf 75' lang='lat' dir='ltr'><strong>dixi),</strong></span> <span class='ocrx_word' id='word_1_146' title='bbox 370 1119 406 1149; x_wconf 89' lang='lat' dir='ltr'><strong>et</strong></span> <span class='ocrx_word' id='word_1_147' title='bbox 431 1120 619 1150; x_wconf 85' lang='lat' dir='ltr'><strong>certarum</strong></span> <span class='ocrx_word' id='word_1_148' title='bbox 643 1124 771 1150; x_wconf 89' lang='lat' dir='ltr'><strong>rerum</strong></span> <span class='ocrx_word' id='word_1_149' title='bbox 797 1111 954 1159; x_wconf 83' lang='lat' dir='ltr'><strong>notatio,</strong></span> <span class='ocrx_word' id='word_1_150' title='bbox 981 1110 1101 1157; x_wconf 86' lang='lat' dir='ltr'><strong>docet,</strong></span> <span class='ocrx_word' id='word_1_151' title='bbox 1113 1070 1231 1147; x_wconf 87' lang='lat' dir='ltr'><strong>qunde</strong></span> 
     </span>
     <span class='ocr_line' id='line_1_20' title="bbox 118 1163 1231 1217; baseline -0.001 -15"><span class='ocrx_word' id='word_1_152' title='bbox 118 1163 267 1202; x_wconf 85' lang='lat' dir='ltr'><strong>fulmen</strong></span> <span class='ocrx_word' id='word_1_153' title='bbox 285 1165 441 1213; x_wconf 85' lang='lat' dir='ltr'><strong>venerit,</strong></span> <span class='ocrx_word' id='word_1_154' title='bbox 458 1178 534 1216; x_wconf 91' lang='lat' dir='ltr'><strong>quo</strong></span> <span class='ocrx_word' id='word_1_155' title='bbox 559 1165 800 1204; x_wconf 82' lang='lat' dir='ltr'><strong>concesserit:</strong></span> <span class='ocrx_word' id='word_1_156' title='bbox 829 1165 924 1217; x_wconf 87' lang='lat' dir='ltr'><strong>quid</strong></span> <span class='ocrx_word' id='word_1_157' title='bbox 948 1163 1132 1216; x_wconf 82' lang='lat' dir='ltr'><strong>significet</strong></span> <span class='ocrx_word' id='word_1_158' title='bbox 1160 1175 1231 1202; x_wconf 84' lang='lat' dir='ltr'><strong>au-</strong></span> 
     </span>
     <span class='ocr_line' id='line_1_21' title="bbox 120 1219 588 1266; baseline 0.002 -10"><span class='ocrx_word' id='word_1_159' title='bbox 120 1224 212 1266; x_wconf 88' lang='lat' dir='ltr'><strong>tem,</strong></span> <span class='ocrx_word' id='word_1_160' title='bbox 225 1219 333 1256; x_wconf 90' lang='lat' dir='ltr'><strong>nulla</strong></span> <span class='ocrx_word' id='word_1_161' title='bbox 351 1219 446 1257; x_wconf 81' lang='lat' dir='ltr'><strong>ratio</strong></span> <span class='ocrx_word' id='word_1_162' title='bbox 470 1219 588 1257; x_wconf 87' lang='lat' dir='ltr'><strong>docet.</strong></span> 
     </span>
    </p>

    <p class='ocr_par' dir='ltr' id='par_1_6' title="bbox 174 1272 911 1324">
     <span class='ocr_line' id='line_1_22' title="bbox 174 1272 911 1324; baseline 0.003 -14"><span class='ocrx_word' id='word_1_163' title='bbox 174 1272 271 1310; x_wconf 91' lang='lat' dir='ltr'><strong>XX.</strong></span> <span class='ocrx_word' id='word_1_164' title='bbox 301 1272 377 1312; x_wconf 85' lang='lat' dir='ltr'><strong>Sed</strong></span> <span class='ocrx_word' id='word_1_165' title='bbox 394 1285 506 1324; x_wconf 63' lang='lat' dir='ltr'><strong>urges</strong></span> <span class='ocrx_word' id='word_1_166' title='bbox 526 1286 587 1311; x_wconf 90' lang='lat' dir='ltr'><strong>me</strong></span> <span class='ocrx_word' id='word_1_167' title='bbox 604 1272 700 1312; x_wconf 90' lang='lat' dir='ltr'><strong>meis</strong></span> <span class='ocrx_word' id='word_1_168' title='bbox 718 1272 911 1312; x_wconf 85' lang='lat' dir='ltr'><strong>versibus:</strong></span> 
     </span>
    </p>
   </div>
   <div class='ocr_carea' id='block_1_3' title="bbox 175 1344 1227 1506">
    <p class='ocr_par' dir='ltr' id='par_1_7' title="bbox 175 1344 1227 1506">
     <span class='ocr_line' id='line_1_23' title="bbox 176 1344 1227 1397; baseline -0.001 -13"><span class='ocrx_word' id='word_1_169' title='bbox 176 1348 205 1369; x_wconf 87' lang='lat'>“</span> <span class='ocrx_word' id='word_1_170' title='bbox 226 1346 333 1384; x_wconf 83' lang='lat' dir='ltr'><strong>Nam</strong></span> <span class='ocrx_word' id='word_1_171' title='bbox 353 1346 467 1385; x_wconf 87' lang='lat' dir='ltr'><strong>Pater</strong></span> <span class='ocrx_word' id='word_1_172' title='bbox 485 1346 701 1395; x_wconf 80' lang='lat' dir='ltr'><strong>altitonans,</strong></span> <span class='ocrx_word' id='word_1_173' title='bbox 722 1347 887 1385; x_wconf 88' lang='lat' dir='ltr'><strong>stellanti</strong></span> <span class='ocrx_word' id='word_1_174' title='bbox 906 1346 1019 1385; x_wconf 85' lang='lat' dir='ltr'><strong>nixus</strong></span> <span class='ocrx_word' id='word_1_175' title='bbox 1039 1344 1227 1397; x_wconf 89' lang='lat' dir='ltr'><strong>Olympo,</strong></span> 
     </span>
     <span class='ocr_line' id='line_1_24' title="bbox 175 1399 1159 1452; baseline 0 -14"><span class='ocrx_word' id='word_1_176' title='bbox 175 1399 265 1450; x_wconf 91' lang='lat' dir='ltr'><strong>Ipse</strong></span> <span class='ocrx_word' id='word_1_177' title='bbox 282 1413 368 1438; x_wconf 89' lang='lat' dir='ltr'><strong>suos</strong></span> <span class='ocrx_word' id='word_1_178' title='bbox 387 1400 580 1451; x_wconf 86' lang='lat' dir='ltr'><strong>quondam</strong></span> <span class='ocrx_word' id='word_1_179' title='bbox 601 1401 769 1438; x_wconf 89' lang='lat' dir='ltr'><strong>tumulos</strong></span> <span class='ocrx_word' id='word_1_180' title='bbox 788 1414 831 1439; x_wconf 87' lang='lat' dir='ltr'><strong>ae</strong></span> <span class='ocrx_word' id='word_1_181' title='bbox 849 1401 993 1451; x_wconf 87' lang='lat' dir='ltr'><strong>templa</strong></span> <span class='ocrx_word' id='word_1_182' title='bbox 1010 1399 1159 1452; x_wconf 81' lang='lat' dir='ltr'><strong>petivit,</strong></span> 
     </span>
     <span class='ocr_line' id='line_1_25' title="bbox 176 1453 954 1506; baseline -0.001 -14"><span class='ocrx_word' id='word_1_183' title='bbox 176 1453 231 1492; x_wconf 88' lang='lat' dir='ltr'><strong>Et</strong></span> <span class='ocrx_word' id='word_1_184' title='bbox 249 1453 473 1506; x_wconf 79' lang='lat' dir='ltr'><strong>Capitolinis</strong></span> <span class='ocrx_word' id='word_1_185' title='bbox 491 1454 619 1504; x_wconf 88' lang='lat' dir='ltr'><strong>injecit</strong></span> <span class='ocrx_word' id='word_1_186' title='bbox 638 1454 789 1493; x_wconf 85' lang='lat' dir='ltr'><strong>sedibus</strong></span> <span class='ocrx_word' id='word_1_187' title='bbox 807 1455 954 1506; x_wconf 83' lang='lat' dir='ltr'><strong>ignes.&#39;&#39;</strong></span> 
     </span>
    </p>
   </div>
   <div class='ocr_carea' id='block_1_4' title="bbox 122 1541 1248 2240">
    <p class='ocr_par' dir='ltr' id='par_1_8' title="bbox 122 1541 1241 2240">
     <span class='ocr_line' id='line_1_26' title="bbox 123 1541 1235 1591; baseline -0.003 -10"><span class='ocrx_word' id='word_1_188' title='bbox 123 1542 231 1581; x_wconf 85' lang='lat' dir='ltr'><strong>Tum</strong></span> <span class='ocrx_word' id='word_1_189' title='bbox 250 1550 374 1582; x_wconf 88' lang='lat' dir='ltr'><strong>statua</strong></span> <span class='ocrx_word' id='word_1_190' title='bbox 393 1543 537 1591; x_wconf 86' lang='lat' dir='ltr'><strong>Nattae,</strong></span> <span class='ocrx_word' id='word_1_191' title='bbox 557 1550 643 1581; x_wconf 92' lang='lat' dir='ltr'><strong>tum</strong></span> <span class='ocrx_word' id='word_1_192' title='bbox 661 1543 863 1581; x_wconf 79' lang='lat' dir='ltr'><strong>simulacra</strong></span> <span class='ocrx_word' id='word_1_193' title='bbox 881 1543 1069 1590; x_wconf 85' lang='lat' dir='ltr'><strong>Deorum,</strong></span> <span class='ocrx_word' id='word_1_194' title='bbox 1083 1541 1235 1579; x_wconf 85' lang='lat' dir='ltr'><strong>Romu-</strong></span> 
     </span>
     <span class='ocr_line' id='line_1_27' title="bbox 122 1593 1233 1648; baseline -0.004 -13"><span class='ocrx_word' id='word_1_195' title='bbox 122 1597 260 1648; x_wconf 87' lang='lat' dir='ltr'><strong>lusque</strong></span> <span class='ocrx_word' id='word_1_196' title='bbox 276 1604 314 1635; x_wconf 92' lang='lat' dir='ltr'><strong>et</strong></span> <span class='ocrx_word' id='word_1_197' title='bbox 333 1598 480 1636; x_wconf 86' lang='lat' dir='ltr'><strong>Remus</strong></span> <span class='ocrx_word' id='word_1_198' title='bbox 497 1610 587 1635; x_wconf 91' lang='lat' dir='ltr'><strong>cum</strong></span> <span class='ocrx_word' id='word_1_199' title='bbox 605 1597 733 1635; x_wconf 87' lang='lat' dir='ltr'><strong>altrice</strong></span> <span class='ocrx_word' id='word_1_200' title='bbox 746 1597 890 1645; x_wconf 88' lang='lat' dir='ltr'><strong>bellua,</strong></span> <span class='ocrx_word' id='word_1_201' title='bbox 911 1597 949 1635; x_wconf 89' lang='lat' dir='ltr'><strong>vi</strong></span> <span class='ocrx_word' id='word_1_202' title='bbox 967 1595 1140 1634; x_wconf 88' lang='lat' dir='ltr'><strong>fulminis</strong></span> <span class='ocrx_word' id='word_1_203' title='bbox 1154 1593 1233 1640; x_wconf 86' lang='lat' dir='ltr'><strong>icti,</strong></span> 
     </span>
     <span class='ocr_line' id='line_1_28' title="bbox 122 1649 1237 1702; baseline -0.003 -14"><span class='ocrx_word' id='word_1_204' title='bbox 122 1650 391 1696; x_wconf 87' lang='lat' dir='ltr'><strong>conciderunt;</strong></span> <span class='ocrx_word' id='word_1_205' title='bbox 418 1651 540 1702; x_wconf 84' lang='lat' dir='ltr'><strong>deque</strong></span> <span class='ocrx_word' id='word_1_206' title='bbox 553 1651 613 1689; x_wconf 90' lang='lat' dir='ltr'><strong>his</strong></span> <span class='ocrx_word' id='word_1_207' title='bbox 626 1652 739 1689; x_wconf 90' lang='lat' dir='ltr'><strong>rebus</strong></span> <span class='ocrx_word' id='word_1_208' title='bbox 752 1651 996 1701; x_wconf 89' lang='lat' dir='ltr'><strong>haruspicum</strong></span> <span class='ocrx_word' id='word_1_209' title='bbox 1012 1649 1237 1687; x_wconf 78' lang='lat' dir='ltr'><strong>exstiterunt</strong></span> 
     </span>
     <span class='ocr_line' id='line_1_29' title="bbox 123 1701 1237 1755; baseline -0.004 -12"><span class='ocrx_word' id='word_1_210' title='bbox 123 1716 301 1755; x_wconf 87' lang='lat' dir='ltr'><strong>responsa</strong></span> <span class='ocrx_word' id='word_1_211' title='bbox 318 1704 522 1742; x_wconf 87' lang='lat' dir='ltr'><strong>verissima.</strong></span> <span class='ocrx_word' id='word_1_212' title='bbox 562 1704 744 1743; x_wconf 84' lang='lat' dir='ltr'><strong>Mirabile</strong></span> <span class='ocrx_word' id='word_1_213' title='bbox 769 1711 897 1743; x_wconf 88' lang='lat' dir='ltr'><strong>autem</strong></span> <span class='ocrx_word' id='word_1_214' title='bbox 921 1703 1033 1750; x_wconf 90' lang='lat' dir='ltr'><strong>illud,</strong></span> <span class='ocrx_word' id='word_1_215' title='bbox 1054 1701 1172 1753; x_wconf 91' lang='lat' dir='ltr'><strong>quod,</strong></span> <span class='ocrx_word' id='word_1_216' title='bbox 1192 1713 1237 1739; x_wconf 90' lang='lat' dir='ltr'><strong>eo</strong></span> 
     </span>
     <span class='ocr_line' id='line_1_30' title="bbox 123 1755 1237 1818; baseline -0.004 -22"><span class='ocrx_word' id='word_1_217' title='bbox 123 1758 207 1810; x_wconf 87' lang='lat' dir='ltr'><strong>ipso</strong></span> <span class='ocrx_word' id='word_1_218' title='bbox 226 1765 394 1818; x_wconf 81' lang='lat' dir='ltr'><strong>tempore</strong></span> <span class='ocrx_word' id='word_1_219' title='bbox 413 1771 489 1809; x_wconf 90' lang='lat' dir='ltr'><strong>quo</strong></span> <span class='ocrx_word' id='word_1_220' title='bbox 507 1757 613 1796; x_wconf 87' lang='lat' dir='ltr'><strong>fieret</strong></span> <span class='ocrx_word' id='word_1_221' title='bbox 630 1758 815 1796; x_wconf 89' lang='lat' dir='ltr'><strong>indicium</strong></span> <span class='ocrx_word' id='word_1_222' title='bbox 834 1756 1103 1806; x_wconf 83' lang='lat' dir='ltr'><strong>conjurationis</strong></span> <span class='ocrx_word' id='word_1_223' title='bbox 1121 1755 1161 1794; x_wconf 91' lang='lat' dir='ltr'><strong>in</strong></span> <span class='ocrx_word' id='word_1_224' title='bbox 1180 1767 1237 1792; x_wconf 91' lang='lat' dir='ltr'><strong>se-</strong></span> 
     </span>
     <span class='ocr_line' id='line_1_31' title="bbox 124 1810 1237 1862; baseline -0.003 -13"><span class='ocrx_word' id='word_1_225' title='bbox 124 1818 234 1858; x_wconf 89' lang='lat' dir='ltr'><strong>natu,</strong></span> <span class='ocrx_word' id='word_1_226' title='bbox 253 1811 407 1862; x_wconf 86' lang='lat' dir='ltr'><strong>signum</strong></span> <span class='ocrx_word' id='word_1_227' title='bbox 421 1812 451 1849; x_wconf 82' lang='lat' dir='ltr'>J</span> <span class='ocrx_word' id='word_1_228' title='bbox 453 1824 546 1859; x_wconf 71' lang='grc'><strong>01715,</strong></span> <span class='ocrx_word' id='word_1_229' title='bbox 560 1811 713 1849; x_wconf 88' lang='lat' dir='ltr'><strong>biennio</strong></span> <span class='ocrx_word' id='word_1_230' title='bbox 731 1819 815 1862; x_wconf 90' lang='lat' dir='ltr'><strong>post</strong></span> <span class='ocrx_word' id='word_1_231' title='bbox 829 1824 946 1861; x_wconf 89' lang='lat' dir='ltr'><strong>quam</strong></span> <span class='ocrx_word' id='word_1_232' title='bbox 961 1818 1040 1848; x_wconf 87' lang='lat' dir='ltr'><strong>erat</strong></span> <span class='ocrx_word' id='word_1_233' title='bbox 1054 1810 1237 1855; x_wconf 87' lang='lat' dir='ltr'><strong>locatum,</strong></span> 
     </span>
     <span class='ocr_line' id='line_1_32' title="bbox 125 1861 1237 1917; baseline -0.004 -14"><span class='ocrx_word' id='word_1_234' title='bbox 125 1866 166 1904; x_wconf 86' lang='grc' dir='ltr'><strong>ιιι</strong></span> <span class='ocrx_word' id='word_1_235' title='bbox 179 1864 367 1917; x_wconf 77' lang='lat' dir='ltr'><strong>Capitolio</strong></span> <span class='ocrx_word' id='word_1_236' title='bbox 379 1865 640 1905; x_wconf 86' lang='lat' dir='ltr'><strong>collocabatur.</strong></span> <span class='ocrx_word' id='word_1_237' title='bbox 669 1865 735 1902; x_wconf 91' lang='lat' dir='ltr'><strong>Tu</strong></span> <span class='ocrx_word' id='word_1_238' title='bbox 750 1864 865 1915; x_wconf 80' lang='lat' dir='ltr'><strong>igitur</strong></span> <span class='ocrx_word' id='word_1_239' title='bbox 879 1864 1053 1902; x_wconf 90' lang='lat' dir='ltr'><strong>animum</strong></span> <span class='ocrx_word' id='word_1_240' title='bbox 1067 1861 1237 1909; x_wconf 84' lang='lat' dir='ltr'><strong>induces,</strong></span> 
     </span>
     <span class='ocr_line' id='line_1_33' title="bbox 129 1917 1241 1978; baseline -0.004 -21"><span class='ocrx_word' id='word_1_241' title='bbox 129 1919 198 1962; x_wconf 89' lang='lat' dir='ltr'><strong>(sic</strong></span> <span class='ocrx_word' id='word_1_242' title='bbox 228 1918 331 1957; x_wconf 91' lang='lat' dir='ltr'><strong>enim</strong></span> <span class='ocrx_word' id='word_1_243' title='bbox 356 1931 508 1957; x_wconf 88' lang='lat' dir='ltr'><strong>mecum</strong></span> <span class='ocrx_word' id='word_1_244' title='bbox 537 1919 690 1978; x_wconf 84' lang='lat' dir='ltr'><strong>agebas)</strong></span> <span class='ocrx_word' id='word_1_245' title='bbox 716 1931 869 1960; x_wconf 82' lang='lat' dir='ltr'><strong>causam</strong></span> <span class='ocrx_word' id='word_1_246' title='bbox 896 1917 1022 1963; x_wconf 79' lang='lat' dir='ltr'><strong>istam,</strong></span> <span class='ocrx_word' id='word_1_247' title='bbox 1049 1923 1086 1955; x_wconf 86' lang='lat' dir='ltr'><strong>et</strong></span> <span class='ocrx_word' id='word_1_248' title='bbox 1110 1922 1241 1953; x_wconf 85' lang='lat' dir='ltr'><strong>contra</strong></span> 
     </span>
     <span class='ocr_line' id='line_1_34' title="bbox 124 1970 1236 2022; baseline -0.004 -12"><span class='ocrx_word' id='word_1_249' title='bbox 124 1972 228 2011; x_wconf 87' lang='lat' dir='ltr'><strong>facta</strong></span> <span class='ocrx_word' id='word_1_250' title='bbox 256 1979 337 2020; x_wconf 90' lang='lat' dir='ltr'><strong>tua,</strong></span> <span class='ocrx_word' id='word_1_251' title='bbox 364 1980 402 2010; x_wconf 91' lang='lat' dir='ltr'><strong>et</strong></span> <span class='ocrx_word' id='word_1_252' title='bbox 427 1978 556 2010; x_wconf 86' lang='lat' dir='ltr'><strong>contra</strong></span> <span class='ocrx_word' id='word_1_253' title='bbox 577 1971 728 2022; x_wconf 76' lang='lat' dir='ltr'><strong>scripta,</strong></span> <span class='ocrx_word' id='word_1_254' title='bbox 754 1971 982 2009; x_wconf 81' lang='lat' dir='ltr'><strong>defendere?</strong></span> <span class='ocrx_word' id='word_1_255' title='bbox 1011 1970 1145 2009; x_wconf 88' lang='lat' dir='ltr'><strong>Frater</strong></span> <span class='ocrx_word' id='word_1_256' title='bbox 1172 1981 1236 2007; x_wconf 87' lang='lat' dir='ltr'><strong>es:</strong></span> 
     </span>
     <span class='ocr_line' id='line_1_35' title="bbox 128 2023 1239 2078; baseline -0.005 -13"><span class='ocrx_word' id='word_1_257' title='bbox 128 2039 173 2065; x_wconf 87' lang='lat' dir='ltr'><strong>eo</strong></span> <span class='ocrx_word' id='word_1_258' title='bbox 191 2039 330 2064; x_wconf 90' lang='lat' dir='ltr'><strong>vereor.</strong></span> <span class='ocrx_word' id='word_1_259' title='bbox 360 2025 510 2064; x_wconf 88' lang='lat' dir='ltr'><strong>Verum</strong></span> <span class='ocrx_word' id='word_1_260' title='bbox 523 2025 618 2078; x_wconf 90' lang='lat' dir='ltr'><strong>quid</strong></span> <span class='ocrx_word' id='word_1_261' title='bbox 630 2025 701 2064; x_wconf 89' lang='lat' dir='ltr'><strong>tibi</strong></span> <span class='ocrx_word' id='word_1_262' title='bbox 712 2025 778 2063; x_wconf 78' lang='lat' dir='ltr'><strong>hic</strong></span> <span class='ocrx_word' id='word_1_263' title='bbox 792 2024 946 2063; x_wconf 87' lang='lat' dir='ltr'><strong>tandem</strong></span> <span class='ocrx_word' id='word_1_264' title='bbox 960 2031 1068 2062; x_wconf 88' lang='lat' dir='ltr'><strong>nocet</strong></span> <span class='ocrx_word' id='word_1_265' title='bbox 1080 2023 1099 2060; x_wconf 68' lang='grc' dir='ltr'><strong>ἰ’</strong></span> <span class='ocrx_word' id='word_1_266' title='bbox 1118 2033 1239 2068; x_wconf 83' lang='lat' dir='ltr'><strong>resne,</strong></span> 
     </span>
     <span class='ocr_line' id='line_1_36' title="bbox 156 2076 1241 2138; baseline -0.004 -20"><span class='ocrx_word' id='word_1_267' title='bbox 156 2093 218 2118; x_wconf 87' lang='lat' dir='ltr'><strong>uae</strong></span> <span class='ocrx_word' id='word_1_268' title='bbox 245 2079 330 2118; x_wconf 86' lang='lat' dir='ltr'><strong>talis</strong></span> <span class='ocrx_word' id='word_1_269' title='bbox 359 2081 444 2122; x_wconf 79' lang='lat' dir='ltr'><strong>est?</strong></span> <span class='ocrx_word' id='word_1_270' title='bbox 474 2091 523 2118; x_wconf 88' lang='lat' dir='ltr'><strong>an</strong></span> <span class='ocrx_word' id='word_1_271' title='bbox 546 2092 629 2130; x_wconf 86' lang='lat' dir='ltr'><strong>ego,</strong></span> <span class='ocrx_word' id='word_1_272' title='bbox 660 2079 728 2131; x_wconf 90' lang='lat' dir='ltr'><strong>qui</strong></span> <span class='ocrx_word' id='word_1_273' title='bbox 755 2091 887 2117; x_wconf 89' lang='lat' dir='ltr'><strong>verum</strong></span> <span class='ocrx_word' id='word_1_274' title='bbox 912 2077 1092 2138; x_wconf 78' lang='lat' dir='ltr'><strong>explicari</strong></span> <span class='ocrx_word' id='word_1_275' title='bbox 1119 2076 1241 2115; x_wconf 79' lang='lat' dir='ltr'><strong>volo?</strong></span> 
     </span>
     <span class='ocr_line' id='line_1_37' title="bbox 129 2093 1242 2184; baseline -0.005 -12"><span class='ocrx_word' id='word_1_276' title='bbox 129 2093 273 2184; x_wconf 47' lang='lat' dir='ltr'><strong>Itaque</strong></span> <span class='ocrx_word' id='word_1_277' title='bbox 290 2132 387 2171; x_wconf 87' lang='grc'><strong>1111111</strong></span> <span class='ocrx_word' id='word_1_278' title='bbox 405 2141 535 2172; x_wconf 84' lang='lat' dir='ltr'><strong>eontra</strong></span> <span class='ocrx_word' id='word_1_279' title='bbox 556 2133 662 2171; x_wconf 81' lang='lat' dir='ltr'><strong>dieo.</strong></span> <span class='ocrx_word' id='word_1_280' title='bbox 693 2146 716 2171; x_wconf 91' lang='lat' dir='ltr'><strong>a</strong></span> <span class='ocrx_word' id='word_1_281' title='bbox 733 2144 771 2171; x_wconf 87' lang='lat' dir='ltr'><strong>te</strong></span> <span class='ocrx_word' id='word_1_282' title='bbox 788 2133 973 2172; x_wconf 85' lang='lat' dir='ltr'><strong>rationem</strong></span> <span class='ocrx_word' id='word_1_283' title='bbox 992 2131 1107 2170; x_wconf 86' lang='lat' dir='ltr'><strong>totius</strong></span> <span class='ocrx_word' id='word_1_284' title='bbox 1124 2130 1242 2168; x_wconf 85' lang='lat' dir='ltr'><strong>haru-</strong></span> 
     </span>
     <span class='ocr_line' id='line_1_38' title="bbox 137 2181 1248 2240; baseline -0.003 -15"><span class='ocrx_word' id='word_1_285' title='bbox 137 2186 290 2240; x_wconf 85' lang='lat' dir='ltr'><strong>spicinae</strong></span> <span class='ocrx_word' id='word_1_286' title='bbox 306 2195 406 2240; x_wconf 82' lang='lat' dir='ltr'><strong>peto.</strong></span> <span class='ocrx_word' id='word_1_287' title='bbox 436 2187 510 2228; x_wconf 85' lang='lat' dir='ltr'><strong>Sed</strong></span> <span class='ocrx_word' id='word_1_288' title='bbox 525 2194 562 2234; x_wconf 81' lang='lat' dir='ltr'><strong>te</strong></span> <span class='ocrx_word' id='word_1_289' title='bbox 574 2186 803 2227; x_wconf 84' lang='lat' dir='ltr'><strong>mirificam</strong></span> <span class='ocrx_word' id='word_1_290' title='bbox 792 2199 833 2226; x_wconf 87' lang='lat' dir='ltr'><strong>m</strong></span> <span class='ocrx_word' id='word_1_291' title='bbox 847 2187 1032 2226; x_wconf 87' lang='lat' dir='ltr'><strong>latebram</strong></span> <span class='ocrx_word' id='word_1_292' title='bbox 1046 2181 1248 2235; x_wconf 74' lang='lat' dir='ltr'><strong>conjecisti.</strong></span> 
     </span>
    </p>
   </div>
  </div>
 </body>
</html>
