1470 2402
168 90 249 130 334
398 89 477 131 DE
505 89 865 142 SENECTUTE,
886 90 993 131 CAP.
1013 92 1054 132 2.

166 197 297 250 ipsum
317 198 434 238 levari
445 199 532 239 volo
548 214 559 238 ε
590 200 660 239 etsi
677 207 715 239 te
729 198 888 252 quidem
905 199 946 238 id
963 198 1112 239 modice
1129 211 1174 238 ac
1186 200 1288 252 sapi-

167 260 273 291 enter
288 254 402 297 (sicut
415 255 560 301 omnia)
574 262 611 292 et
629 254 726 293 ferre
740 262 777 292 et
790 255 960 292 laturum
976 267 1068 302 esse,
1084 260 1184 293 certo
1197 255 1286 293 scio.

168 306 245 345 Sed
263 307 373 356 mihi,
395 321 484 346 cuin
503 308 551 347 de
569 316 759 347 senectute
778 308 924 360 aliquid
949 308 1087 347 vellem
1111 308 1287 357 scribere,

167 367 211 399 tu
230 364 449 401 occurrebas
475 361 614 413 dignus
641 375 685 401 eo
710 374 883 411 munere,
911 375 989 414 quo
1013 369 1176 414 uterque
1200 374 1290 401 nos-

168 417 272 453 trsim
291 416 544 455 communiter
561 424 744 455 uteretur.
773 416 880 454 Mihi
905 415 1062 468 quidem
1080 417 1135 455 ita
1147 417 1290 466 jucun-

167 468 217 508 da
235 469 352 520 hujus
371 470 460 509 libri
474 470 658 510 confectio
675 470 765 518 fuit,
785 478 830 509 ut
843 483 920 509 non
931 470 1047 509 modo
1061 483 1192 509 omnes
1203 472 1291 510 abs-

167 524 315 562 terserit
358 525 559 564 senectutis
594 525 801 573 molestias,
846 524 911 564 sed
940 524 1103 563 effecerit
1129 525 1289 563 mollem

169 577 286 616 etiam
301 586 338 617 et
353 579 567 629 jucundam
587 587 830 618 senectutem.
859 580 1076 631 Nunquam
1094 579 1213 630 igitur
1231 592 1292 618 sa-

168 631 217 670 tis
243 632 393 671 laudari
412 633 527 685 digne
545 633 683 684 poterit
699 633 954 685 philosophia,
974 633 1036 671 cui
1057 633 1127 685 qui
1143 640 1289 685 pareat,

168 698 284 724 omne
299 695 451 739 tempus
471 688 591 726 aetatis
610 688 691 726 sine
708 688 884 726 molestia
901 687 1020 739 possit
1037 686 1183 738 degere.
1214 687 1291 726 Sed

168 739 216 778 de
235 742 376 780 caeteris
396 749 433 780 et
447 741 617 780 diximus
635 741 774 791 multa,
787 749 825 780 et
843 754 943 793 saepe
960 741 1155 782 dicemus:
1184 741 1290 780 hunc

169 793 315 833 librum
335 795 382 834 de
401 796 603 835 Senectute
615 796 664 834 ad
683 803 720 834 te
737 796 926 835 misimus.

223 848 395 888 Omnem
415 858 544 888 autem
563 863 777 889 sermonem
798 850 1019 899 tribuimus,
1044 863 1123 890 non
1151 848 1291 888 Titho-

167 914 233 952 no,
253 911 298 942 ut
315 904 449 943 Aristo
475 904 596 943 Chius
616 907 681 948 (ne
705 917 844 956 parum
869 912 964 943 oeset
991 904 1225 944 auctoritatis
1249 904 1291 942 in

167 956 421 1006 fabula),sed
355 958 501 997 sedM.
523 958 662 997 Catoni
681 959 774 1007 seni,
788 971 867 1011 quo
885 959 1071 1008 majorem
1088 958 1293 998 auctorita—

167 1018 248 1049 tem
265 1012 422 1050 haberet
439 1013 586 1059 oratio;
617 1013 721 1064 apud
743 1026 859 1075 quem
888 1012 1056 1051 Laelium
1085 1022 1123 1052 et
1145 1012 1293 1064 Scipio·

168 1077 260 1103 nem
275 1066 437 1105 facimus
456 1042 700 1115 admirantes,
721 1067 854 1119 quod
843 1080 876 1106 is
893 1074 974 1105 tam
992 1066 1102 1106 facile
1120 1074 1292 1106 senectu-

168 1126 247 1157 tem
266 1119 376 1169 ferat,
390 1121 512 1172 iisque
527 1134 614 1160 eum
630 1121 933 1173 respondentem.
964 1121 1046 1170 Qui
1060 1122 1092 1160 si
1106 1121 1292 1160 eruditius

168 1173 359 1212 videbitur
384 1174 591 1226 disputare,
613 1189 731 1227 quam
757 1175 952 1214 consuevit
968 1175 1049 1227 ipse
1073 1175 1115 1214 in
1138 1175 1216 1214 suis
1242 1174 1292 1213 li-

168 1227 260 1276 bris,
293 1229 490 1267 attribuito
517 1229 660 1268 Graecis
684 1229 816 1278 literis,
837 1242 1003 1282 quarum
1029 1236 1175 1268 constat
1200 1241 1291 1268 eum

167 1282 450 1333 perstudiosum
468 1283 585 1322 fuisse
603 1283 644 1321 in
663 1291 866 1322 senectute.
913 1283 990 1323 Sed
1011 1283 1106 1335 quid
1119 1296 1216 1335 opus
1234 1290 1291 1322 est

167 1335 311 1387 plura?
337 1337 421 1386 jam
453 1337 556 1375 enim
593 1337 712 1389 ipsius
743 1337 899 1376 Catonis
931 1350 1055 1377 sermo
1086 1337 1293 1390 explioebit

167 1398 337 1428 nostram
356 1404 512 1429 omnem
531 1392 578 1430 de
597 1399 787 1430 senectute
805 1392 1045 1431 sententiam.

224 1444 283 1482 ΙΙ.
328 1447 472 1496 Scipio.
502 1446 772 1497 Saepenumero
791 1446 972 1484 admirari
991 1446 1091 1485 soleo
1109 1458 1200 1485 cum
1217 1445 1292 1485 hoc

169 1498 216 1537 C.
238 1499 375 1547 Laelio,
396 1508 481 1537 tum
501 1508 722 1538 caeterarum
741 1511 869 1538 rerum
889 1507 998 1538 tuam
1025 1500 1291 1550 excellentem,

169 1552 232 1591 Μ.
253 1553 365 1600 Cato,
385 1553 669 1606 perfectamque
683 1554 922 1606 sapientiam,
935 1562 1022 1592 tum
1034 1555 1095 1593 vel
1105 1554 1291 1604 maxime,

168 1606 274 1659 quod
298 1620 501 1659 nunquam
525 1616 757 1647 senectutem
782 1608 854 1647 tibi
878 1622 1034 1660 gravem
1060 1622 1139 1648 esse
1166 1621 1292 1648 sense-

168 1662 273 1706 rim,
263 1675 272 1684 ·
304 1675 392 1713 quae
409 1662 600 1724 plerisque
615 1664 768 1701 senibus
782 1662 835 1701 sic
852 1663 983 1701 odiosa
1000 1670 1069 1710 est,
1084 1670 1129 1701 ut
1140 1675 1238 1702 onus
1255 1674 1296 1701 se

168 1715 293 1753 AEtna
323 1716 477 1766 gravius
506 1716 635 1755 dicant
667 1717 862 1756 sustinere.
902 1718 1010 1756 Cato.
1051 1717 1154 1756 Rem
1185 1716 1292 1755 haud

168 1781 259 1808 sane
288 1769 496 1819 difficilem,
519 1771 646 1822 Scipio
676 1778 715 1810 et
742 1771 856 1818 Laeli,
883 1771 1064 1810 admirari
1092 1770 1291 1809 videmini.

169 1823 326 1871 Quibus
340 1824 444 1862 enim
463 1824 562 1862 nihil
579 1825 662 1876 opis
680 1836 736 1864 est
756 1825 798 1863 in
815 1825 907 1876 ipsis
925 1825 975 1863 ad
992 1827 1089 1864 bene
1105 1827 1293 1876 beateque

169 1878 423 1927 vivendum,
412 1878 459 1917 iis
477 1879 602 1917 omnis
616 1879 742 1930 gravis
760 1887 816 1918 est
835 1887 949 1918 aetas.
980 1880 1048 1931 qui
1059 1887 1189 1917 autem
1207 1891 1293 1917 om-

168 1931 234 1969 nia
252 1934 354 1971 bona
371 1946 394 1970 a
412 1946 451 1971 se
468 1933 560 1984 ipsis
578 1941 729 1984 petunt,
748 1933 795 1972 iis
813 1934 912 1971 nihil
929 1941 1052 1985 potest
1065 1933 1214 1971 malum
1233 1933 1291 1971 vi-

169 1985 263 2033 deri,
285 1987 389 2038 quod
414 1995 561 2025 naturae
579 1987 779 2026 necessitas
797 1988 941 2026 afferat.
976 1987 1104 2035 Quo
1092 2000 1133 2025 in
1152 1999 1291 2038 genere

168 2039 210 2076 in
228 2040 362 2091 primis
382 2050 436 2079 est
455 2048 639 2090 senectus,
660 2055 778 2093 quam
797 2049 842 2080 ut
860 2041 1132 2094 adipiscantur,
1155 2053 1289 2079 omnes

169 2101 327 2144 optant:
358 2095 534 2134 eamdem
559 2104 737 2134 accusant
761 2095 912 2158 adepti·
943 2103 1050 2134 tanta
1078 2104 1135 2135 est
1157 2095 1290 2134 incon·

169 2148 308 2186 stantia
326 2149 511 2198 stultitiae,
531 2157 647 2203 atque
664 2150 899 2202 perversitas.

228 2201 425 2254 Obrepere
443 2203 553 2243 aiunt
570 2217 656 2244 eam
675 2204 787 2245 citius
810 2216 930 2257 quam
948 2203 1157 2257 putassent.
1204 2202 1302 2243 Pri-1
