1470 2402
178 123 182 127 η
206 62 283 102 ΒΕ
313 63 730 112 DIVINATIONE,
743 64 844 102 LIB.
861 63 920 102 ΙΙ.
935 63 1040 102 CAP.
1061 65 1125 101 53.
1169 65 1221 102 93

109 178 146 208 et
173 183 315 210 munus
343 172 585 210 divinationis
614 179 774 220 exstare,
805 178 928 223 potest
957 179 1101 218 autem,
1133 183 1224 209 cum

109 224 194 274 quis
211 225 481 264 divinationem
499 226 652 271 habeat,
668 239 790 263 errare
808 225 1028 277 aliquando,
1048 238 1117 263 nec
1135 238 1224 263 vera

94 290 284 324 -cernere;
315 280 402 318 satis
430 288 498 327 est,
533 280 582 317 ad
609 279 908 317 confimiandam
936 279 1222 323 divinationem,

110 333 227 376 semel
251 333 398 384 aliquid
424 334 478 371 ita
503 347 580 371 esse
606 334 834 379 divinatum,
864 332 961 370 nihil
988 340 1031 370 ut
1069 332 1225 370 fortuito

110 385 282 424 cecidisse
311 388 492 425 videatur.
535 389 635 426 Sunt
664 395 793 425 autem
824 388 906 436 ejus
935 386 1081 437 generis
1110 386 1225 423 innu-

110 440 318 478 merabilia.
368 442 464 479 Esse
494 441 613 492 igitur
645 441 931 489 divinationem,
966 440 1226 478 confitendum

115 493 209 529 est.'’

166 547 314 585 Festive
354 556 390 586 et
413 549 587 587 breviter.
631 548 720 597 Sed,
749 561 837 586 cum
866 548 926 586 bis
955 547 1091 586 sumsit
1121 546 1226 598 quod

111 601 256 645 voluit;
287 603 434 641 etiamsi
458 603 586 641 faciles
612 615 682 640 nos
710 603 759 640 ad
791 602 1074 640 concedendum
1103 602 1230 639 habu-

112 654 196 702 erit,
223 655 264 692 id
289 664 432 703 tamen,
458 657 562 717 quod
586 657 758 702 assumit,
792 656 945 694 concedi
976 656 1085 693 nullo
1113 655 1236 693 modo>

113 716 246 758 potest.
279 712 306 731 ‘⁸
320 711 404 756 Siss'
424 711 563 761 inquit,
595 714 623 732 ‘⁶
635 710 850 761 aliquando
869 710 969 747 oculi
987 717 1154 770 peccent,
1171 718 1230 747 ta-

111 774 215 808 men,
242 763 332 814 quia
356 772 454 802 recte
481 764 688 815 aliquando
712 764 887 810 viderint,
915 764 1013 801 inest
1037 764 1077 800 in
1104 763 1150 800 iis
1173 763 1230 801 vis

111 816 275 853 videndi.
319 818 434 865 Item,
476 818 508 855 si
540 818 626 869 quis
659 818 776 856 semel
805 817 952 868 aliquid
992 817 1144 863 dixerit,
1179 817 1227 863 is,

112 870 226 907 etiam
259 883 347 908 cum
379 880 520 922 peccet,
554 879 684 909 tamen
714 871 990 910 existimandus
1017 871 1064 909 sit
1092 870 1232 908 habere

112 923 190 961 vim
214 924 452 962 divinandi.'’

166 978 286 1016 LIII.
316 978 431 1027 Vide,
461 992 604 1030 quaeso,
632 979 813 1031 Cratippe
841 990 980 1025 noster,
1009 992 1127 1030 quam
1155 978 1232 1016 sint

113 1031 186 1069 ista
204 1032 366 1070 similia.
397 1045 489 1070 nam
513 1033 611 1070 mihi
636 1046 712 1071 non
739 1033 928 1072 videntur.
970 1033 1088 1072 Oculi
1114 1033 1231 1094 enim,

112 1098 201 1123 vera
219 1094 425 1135 cernentes,
446 1095 608 1124 utuntur
631 1088 770 1125 natura
795 1096 910 1138 atque
929 1100 1065 1126 sensu:
1097 1087 1232 1132 31111111,

112 1139 145 1177 si
163 1140 317 1190 quando
335 1141 396 1179 vel
414 1141 653 1179 vaticinando
679 1142 740 1179 vel
766 1141 990 1179 somniando
1016 1154 1106 1179 vera
1130 1141 1236 1178 vide-

114 1201 219 1241 runt,
238 1194 298 1232 usi
317 1204 406 1232 sunt
423 1195 577 1233 fortuna
595 1204 711 1247 atque
730 1209 830 1233 casu.
861 1195 950 1232 Nisi
968 1195 1065 1233 forte
1084 1207 1235 1232 conces-

116 1260 222 1285 suros
239 1248 310 1286 tibi
328 1248 522 1287 existimas
541 1262 616 1295 eos,
637 1250 705 1300 qui
732 1249 881 1287 somnia
905 1262 974 1300 pro
993 1249 1149 1287 somniis
1167 1249 1237 1286 ha-

116 1303 221 1349 bent,
238 1302 269 1340 si
283 1303 437 1353 quando
449 1303 603 1355 aliquod
616 1303 809 1341 somnium
824 1316 958 1340 verum
971 1303 1142 1350 evaserit,
1158 1315 1238 1340 non

117 1355 158 1392 id
175 1355 332 1394 fortuito
351 1357 537 1395 accidisse.
577 1357 653 1395 Sed
670 1357 805 1394 demus
824 1357 894 1394 tibi
911 1357 1000 1394 istas
1019 1357 1114 1394 duas
1133 1369 1239 1394 sum-

117 1409 238 1447 tiones
271 1414 345 1457 (ea,
377 1424 464 1461 quae
495 1418 683 1458 Ληιιματα
711 1411 906 1461 appellant
930 1410 1140 1449 dialectici:
1173 1410 1239 1448 sed

117 1475 186 1501 nos
201 1464 340 1501 Latine
361 1463 468 1515 loqui
485 1465 697 1511 malumus)
713 1479 722 1502 ε
755 1465 937 1502 assumtio
955 1471 1085 1502 tamen
1105 1467 1241 1516 (quam

123 1519 344 1568 Προσληψιν
363 1517 479 1555 iidem
499 1526 652 1565 vocant)
672 1531 747 1556 non
769 1518 933 1556 dabitur.

175 1571 354 1609 Assumit
372 1579 500 1610 autem
521 1572 728 1623 Cratippus
746 1573 818 1610 hoc
832 1572 972 1610 modo:
1005 1573 1033 1594 “
1055 1571 1154 1610 Sunt
1173 1585 1243 1610 au-

124 1632 203 1662 tem
223 1624 520 1664 innumerabiles
544 1627 813 1677 praesensiones
838 1639 915 1664 non
938 1625 1144 1664 fortuitae.''
1183 1627 1244 1663 At

127 1691 197 1729 ego
235 1678 318 1716 dico
354 1680 516 1717 nullam.
565 1680 679 1727 Vide,
715 1689 860 1731 quanta
896 1680 944 1717 sit
980 1680 1243 1718 controversia.

125 1733 236 1779 Jam,
256 1733 486 1771 assumtione
512 1746 590 1772 non
612 1735 800 1778 concessa,
827 1733 936 1771 nulla
961 1733 1150 1771 conclusio
1176 1741 1244 1771 est.

126 1787 185 1824 At
212 1786 452 1837 impudentes
482 1801 628 1834 sumus,
661 1788 742 1838 qui,
774 1800 862 1825 cum
891 1795 972 1824 tam
999 1788 1245 1838 perspicuum

128 1841 190 1887 sit,
210 1852 286 1877 non
306 1841 567 1879 concedamus.
599 1842 707 1888 Quid
727 1849 782 1879 est
806 1841 1050 1892 perspicuum
1064 1843 1082 1879 Ρ
1112 1841 1247 1879 Multa

129 1907 230 1940 vera,
244 1894 382 1944 inquit,
400 1894 566 1932 evadere.
595 1895 718 1942 Quid,
735 1895 838 1946 quod
849 1895 974 1932 multo
987 1894 1100 1945 plura
1117 1895 1214 1932 falsa
1226 1897 1244 1933 Ρ

130 1949 271 1986 Nonne
289 1948 371 1998 ipsa
390 1949 565 1995 varietas,
586 1962 672 2000 quae
691 1957 746 1986 est
764 1949 917 1999 propria
934 1948 1111 1994 fortunae,
1127 1948 1248 1986 fortu-

131 2000 221 2038 nam
247 2015 325 2039 esse
351 2015 518 2050 causam,
545 2015 622 2040 non
647 2010 839 2050 naturam,
866 2002 1004 2040 docet?
1033 2002 1198 2050 Deinde,
1216 2003 1248 2040 si

131 2064 198 2093 tua
215 2055 287 2093 ista
304 2057 508 2103 conclusio,
537 2056 732 2107 Cratippe,
761 2070 850 2094 vera
874 2064 943 2103 est,
971 2059 1115 2099 (tecum
1144 2057 1248 2094 enim

131 2109 228 2149 mihi
264 2122 323 2149 res
357 2116 429 2159 est)
456 2122 584 2149 nonne
607 2111 803 2162 intelligis,
833 2110 967 2164 eadem
994 2110 1052 2148 uti
1078 2123 1187 2161 posse
1211 2117 1250 2148 et
