1470 2402
149 85 232 125 238
340 85 418 125 DE
447 85 522 126 OF
525 85 710 136 FICIIS,
733 87 834 126 Lm.
850 87 886 126 Ι.
907 86 1092 127 (Lar-31.

150 193 391 244 singularum
410 195 634 243 actionum3
664 209 784 249 quam
806 209 1026 236 conservare
1043 207 1123 235 non
1139 195 1274 248 possis,

153 247 199 296 si,
221 248 389 287 aliorum
403 257 583 288 naturam
596 251 766 300 irm'tans,
781 251 936 290 omittas
952 258 1075 289 tuam.
1102 250 1161 289 Ut
1174 249 1278 288 enim

150 314 325 341 sermone
348 316 392 341 eo
412 303 597 343 debemus
616 306 688 354 uti,
714 306 785 358 qui
802 314 916 344 notus
935 313 990 344 απ
1008 304 1132 353 nobis,
1152 316 1214 351 ne,
1234 310 1280 341 ut

149 355 324 406 quidam,
347 358 482 396 Graeca
500 361 614 397 verba
632 359 879 409 inculcantes,
903 361 990 410 jure
1014 358 1162 411 optimo
1185 357 1272 396 irri-

148 410 334 457 deamur3
364 412 431 460 sic,
450 412 493 450 in
518 413 683 452 actiones
707 427 942 466 omnemque
959 414 1094 462 vitam,
1119 412 1271 451 nullam

151 464 446 517 discrepantiam
461 467 629 506 conferre
647 468 843 507 debemus.

201 518 338 571 Atque
366 519 449 558 haec
478 521 691 561 differentia
720 530 945 561 naturarum
974 528 1123 560 tantam
1155 520 1274 559 habet

148 571 243 620 vim,
272 583 314 611 ut
346 586 628 627 nonnunquam
652 585 817 615 mortem
847 576 920 616 sibi
943 576 1024 629 ipse
1048 575 1275 614 consciscere

150 626 250 665 alius
268 627 418 675 debeat,
438 629 536 667 alius
555 630 594 667 in
615 631 749 669 eadem
760 631 875 669 causa
885 643 964 669 non
982 630 1131 669 debeat.
1160 629 1274 668 Num

149 681 252 719 enim
271 682 348 720 alia
366 682 407 719 in
426 684 541 722 causa
560 684 622 722 M.
643 685 741 724 Cato
758 685 847 734 fuit,
875 685 952 723 alia¹
976 684 1115 732 caeteri,
1141 683 1211 736 qui
1235 695 1277 721 se

147 735 189 772 in
204 735 343 775 Africa
363 736 505 776 Caesari
524 738 788 778 tradiderunt?
808 739 938 791 Atqui
956 738 1098 778 caeteris
1115 736 1275 776 forsitan

148 789 241 828 vitio
259 789 394 828 datum
414 800 523 840 esset,
543 793 574 831 si
594 807 633 831 se
651 794 942 841 interemissent,
957 800 1158 845 propterea
1171 789 1276 843 quod

148 856 283 881 eorum
302 844 381 882 vita
399 845 535 895 lenior,
556 855 593 885 et
611 861 736 887 mores
754 847 906 887 fuerant
916 847 1126 886 faciliores:
1157 845 1275 884 Cato·

148 897 190 935 ni
208 905 338 938 autem
357 912 447 938 cum
464 901 726 940 incredibilem
745 902 937 941 tribuisset
953 909 1092 940 natura
1109 900 1276 952 gravita-

149 960 244 1000 tem,
265 966 428 1006 eamque
454 955 535 1006 ipse
560 957 746 1008 perpetua
770 956 982 995 constantia
1009 955 1273 1002 roboravisset,

147 1019 376 1059 semperque
393 1009 434 1046 in
451 1010 645 1061 proposito
664 1021 913 1063 susceptoque
927 1010 1082 1049 consilio
1096 1020 1275 1061 perman-

149 1060 271 1109 sisset,
292 1063 536 1102 moriendum
563 1065 705 1115 potius,
732 1078 852 1116 quam
877 1065 1032 1118 tyranni
1056 1065 1188 1102 vultus
1205 1062 1275 1101 ad-

149 1114 366 1165 spiciendus
385 1117 473 1156 fuit.
516 1118 649 1166 Quam
668 1120 794 1158 multa
811 1132 945 1171 passus
970 1126 1026 1158 aet
1050 1118 1210 1170 Ulyssoe
1232 1116 1274 1154 in

149 1168 216 1206 illo
235 1182 360 1209 errore
384 1171 581 1220 diuturne,
602 1186 691 1212 cum
720 1181 758 1212 et
781 1173 1008 1212 mulieribus
1034 1172 1084 1216 (si
1102 1171 1212 1210 Circe
1237 1179 1275 1209 et

149 1222 318 1276 Calypso
341 1225 522 1266 mulieres
541 1228 778 1278 appellandae
797 1235 903 1276 sunt)
930 1227 1140 1275 inserviret,
1168 1232 1206 1264 et
1233 1225 1275 1263 in

148 1279 256 1315 omni
288 1292 462 1318 sermone
494 1282 674 1320 omnibus
707 1282 900 1320 affabilem
932 1295 972 1320 se
1011 1293 1091 1320 &sse
1129 1281 1244 1319 vellet
1260 1279 1272 1317 !

148 1331 255 1370 domi
274 1346 362 1372 vero
388 1334 503 1372 etiam
529 1335 781 1374 contumelias
806 1349 1003 1375 servorum
1027 1335 1276 1374 ancillarum-

149 1399 226 1436 que
244 1388 415 1438 pertulit,
435 1396 481 1426 ut
499 1389 550 1427 ad
566 1389 608 1428 id
625 1390 846 1443 aliquando,
863 1390 967 1442 quod
981 1389 1173 1442 cupiebat,
1188 1401 1276 1440 per-

149 1440 305 1479 veniret.
333 1442 393 1480 At
409 1442 519 1492 Ajax
541 1447 635 1495 (quo
653 1445 782 1483 animo
800 1445 979 1492 traditur)
999 1443 1139 1482 millies
1157 1454 1276 1495 oppe-

149 1501 228 1533 tere
245 1503 425 1545 mortem,
446 1511 566 1549 quam
583 1498 652 1537 ina
667 1499 829 1552 perpeti,
849 1499 1057 1537 maluisset.

201 1549 307 1597 Quae
344 1553 646 1603 contemplantes
683 1553 896 1606 expendere
938 1552 1141 1605 oportebit,
1180 1550 1276 1604 quid

148 1603 313 1655 quisque
330 1604 470 1643 habeat
487 1607 573 1653 sui;
604 1620 725 1660 eaque
738 1607 942 1657 moderari,
959 1620 1028 1646 nec
1046 1607 1144 1645 velle
1157 1619 1276 1658 expe-

149 1657 229 1705 riri,
243 1671 363 1710 quam
377 1673 416 1698 se
430 1660 555 1699 aliena
566 1661 735 1700 deceant.
765 1662 816 1701 Id
835 1662 937 1700 enim
953 1660 1124 1700 maxime
1138 1672 1276 1712 quem-

149 1725 226 1763 que
251 1712 372 1761 decet,
393 1715 499 1766 quod
517 1726 573 1753 est
591 1717 779 1768 cujusque
795 1716 968 1754 maxime
987 1727 1114 1754 suum.
1144 1716 1273 1754 Suum

147 1765 266 1817 igitur
285 1767 448 1820 quisque
465 1778 597 1808 noscat
613 1770 813 1822 ingenium
829 1784 842 1818 ;
871 1782 1075 1822 acremque
1094 1782 1133 1808 se
1151 1777 1190 1808 et
1205 1769 1275 1807 bo-

147 1832 288 1859 norum
307 1830 345 1860 et
364 1823 544 1862 vitiorum
562 1837 720 1863 suorum
735 1825 905 1875 judicem
919 1826 1111 1877 praebeat;
1131 1836 1181 1862 ne
1195 1835 1274 1862 sce-

149 1874 224 1913 nici
253 1876 356 1927 plus,
383 1890 502 1929 quam
528 1891 612 1926 nos,
639 1879 841 1918 videantur
864 1880 1005 1918 habere
1032 1877 1246 1931 prudentiae
1259 1890 1271 1914 z

149 1928 206 1966 illi
232 1930 336 1968 enim
362 1943 439 1969 non
465 1933 643 1984 optimas,
665 1933 730 1972 sed
755 1934 828 1972 sibi
846 1932 1271 1979 accommodatissimas,

148 1982 300 2022 fabulas
319 1984 490 2037 eligunt:
522 1987 591 2039 qui
609 2000 699 2026 voce
716 1987 805 2026 freti
823 1996 928 2036 sunt,
947 1987 1161 2040 Epigonos,
1179 1985 1275 2039 Me·.

147 2036 346 2089 dumque;
377 2040 446 2091 qui
463 2050 587 2092 gestu,
607 2042 892 2094 Menalippam,
909 2042 1269 2094 Clytaemnestram3

149 2103 298 2143 semper
332 2093 531 2144 Rupilius,
565 2109 682 2147 quem
716 2109 786 2148 ego
817 2096 993 2144 memini,
1025 2094 1241 2146 Antiopam
1256 2108 1267 2131 :

148 2156 226 2182 non
244 2159 343 2198 saepe
362 2148 532 2200 AEsopus
550 2150 728 2199 Ajacem.
757 2150 866 2203 Ergo
883 2150 1019 2189 histrio
1034 2149 1107 2188 hoc
1125 2147 1270 2187 videbit

146 2197 188 2237 in
206 2202 332 2249 scena,
352 2214 430 2240 non
455 2203 598 2243 videbit
618 2204 676 2243 vir
699 2205 849 2256 sapiens
873 2205 914 2244 in
939 2203 1052 2244 vita?
1079 2202 1148 2243 Ad
1173 2215 1271 2255 quas
