1470 2402
287 66 367 106 DE
396 65 659 115 LEGIBUS,
681 65 781 104 Lm.
806 65 865 104 ΙΙ.
893 66 998 105 CAP.
1014 66 1080 105 24.
1168 66 1244 113 177

124 174 288 226 polito.'’
330 173 479 224 Nostis,
506 188 595 227 quae
617 180 843 226 sequuntur.
873 175 1125 214 Discebamus
1144 175 1248 214 enim

122 229 232 280 pueri
250 229 355 277 XII,
376 236 420 267 ut
439 242 592 268 carmen
610 229 890 275 necessarium3
920 242 1015 280 quas
1029 230 1113 278 jam
1132 242 1247 268 nemo

121 283 243 321 discit,
283 283 505 322 Extenuato
536 283 655 334 igitur
687 290 832 331 sumtu,
863 283 986 322 tribus
1016 284 1172 331 riciniis,
1208 292 1245 324 et

122 336 284 376 vinculis
303 351 497 388 purpurae,
533 346 571 376 et
595 337 725 375 decem
745 337 977 385 tibicinibus,
1006 338 1107 376 tollit
1130 338 1247 377 etiam

122 391 446 430 lamentationem.
478 394 506 413 “
528 391 714 430 Mulieres
733 404 849 442 genas
864 405 912 430 ne
930 391 1121 438 radunt03
1151 405 1247 431 neve

119 445 277 494 laesum,
311 446 454 484 funeris
485 459 587 497 ergo,
614 445 820 484 habento.''
861 446 949 484 Hoc
969 454 1110 484 veteres
1131 446 1248 485 inter-

122 507 260 551 pretes,
289 501 378 539 Sex.
412 500 557 548 AElius,
578 500 627 538 L.
648 499 814 548 Acilius,
835 513 913 538 non
933 500 1021 538 satis
1048 514 1087 539 se
1105 501 1248 539 intelli--

118 566 208 604 gere
225 554 420 604 dixerunt,
441 555 507 593 sed
525 555 709 606 suspicari
724 555 939 593 vestimenti
954 555 1112 606 aliquod
1125 568 1247 606 genus

119 608 317 648 funebris:
349 609 398 648 L.
420 609 564 657 AElius,
584 609 741 658 lessum,
763 609 873 661 quasi
894 609 1101 660 lugubrem
1125 610 1246 659 ejula-

122 661 281 711 tionem,
302 671 347 702 ut
365 676 440 702 vox
459 664 541 725 ipsa
559 663 770 715 significat:
802 663 907 725 quod
932 677 976 702 eo
1001 663 1125 715 magis
1140 664 1247 713 judi-

120 729 165 755 co
184 730 319 756 verum
338 731 430 766 esse,
452 718 544 770 quia
561 719 625 756 lex
643 718 796 757 Solonis
809 718 991 769 idipsum
1006 726 1118 756 vetat.
1149 718 1248 757 Haec

122 771 345 819 laudabilia,
372 780 410 810 et
432 773 686 824 locupletibus
719 772 797 811 fere
822 786 912 811 cum
936 773 1048 824 plebe
1073 785 1248 810 commu-

120 825 217 863 nia:
248 826 353 878 quod.
371 826 529 878 quidem
547 827 718 866 maxime
738 840 758 866 e
777 827 917 866 natura
936 834 1006 876 est,
1023 827 1107 865 tolli
1125 826 1247 865 fortun

120 891 182 918 nae
200 879 428 919 discrimen
417 894 459 919 m
477 890 610 920 morte.

174 933 338 973 XXIV.
369 935 516 974 Caetera
534 935 627 974 item
650 935 841 984 funebria,
863 935 1004 987 quibus
1030 935 1158 974 luctus
1176 949 1246 974 311-

120 995 247 1039 getur,
279 989 498 1027 Duodecim
519 990 768 1027 sustulerunt.
815 993 843 1013 “
865 989 1060 1036 Ηο1111111,’
1050 990 1075 1007 ”
1104 990 1246 1041 inquit,

122 1045 151 1064 “
171 1051 324 1081 mortuo
352 1056 401 1081 ne
429 1056 513 1082 ossa
544 1044 674 1094 legito,
709 1057 787 1095 quo
818 1052 905 1095 post
938 1044 1055 1081 funus
1090 1043 1246 1083 faciat.”

119 1096 278 1148 Excipit
296 1097 474 1136 bellicam
493 1098 810 1150 peregrinamque
824 1106 1000 1136 mortem.
1031 1098 1130 1137 Haec
1148 1113 1247 1150 prae-

121 1158 223 1189 terea
248 1159 338 1190 sunt
362 1152 403 1189 in
429 1152 578 1203 legibus
597 1152 645 1191 de
663 1153 851 1191 unctura:
882 1153 1024 1204 quibus
1054 1156 1082 1175 “
1103 1153 1248 1192 servilis

119 1207 309 1244 unctura”
329 1206 490 1255 tollitur,
511 1207 713 1258 omnisque
742 1209 770 1229 “-
791 1207 1132 1268 circumpotatioffl
1159 1222 1248 1260 quae

120 1267 158 1298 et
183 1267 282 1298 recte
308 1261 523 1307 tolluntur;
553 1274 680 1312 neque
707 1262 944 1310 tollerentur,
971 1261 1045 1300 nisi
1071 1261 1246 1300 fuissent.

119 1316 148 1337 “
169 1314 234 1353 Ne
266 1323 464 1353 sumtuosa
495 1315 701 1367 respersio3
740 1328 788 1354 ne
819 1316 946 1367 longae
976 1328 1136 1364 coronae,
1177 1329 1248 1355 nec

117 1369 284 1417 acerrae,’
288 1369 602 1420 '.praetereantur
633 1371 739 1408 Illa
724 1384 808 1432 Jarn
828 1370 1053 1421 significatio
1072 1378 1140 1418 est,
1161 1371 1246 1409 lau-

117 1422 177 1461 dis
195 1431 419 1463 ornamenta
437 1423 487 1461 ad
512 1432 683 1463 mortuos
708 1425 909 1477 pertinere,
937 1425 1042 1477 quod
1067 1438 1246 1464 coronam

120 1477 259 1516 virtute
277 1486 443 1529 partam,
465 1486 502 1516 et
520 1479 569 1525 ei,
590 1479 659 1540 qui
682 1480 900 1541 peperisset,
922 1488 959 1518 et
979 1480 1060 1529 ejus
1079 1481 1242 1531 parenti,

119 1531 201 1569 sine
237 1532 373 1570 fraude
410 1546 488 1571 esse
524 1533 588 1571 lex
620 1534 744 1585 impos
745 1534 841 1571 itam
873 1534 1010 1583 jubet:
1041 1534 1242 1585 credoque,

119 1585 225 1636 quod
244 1593 324 1624 erat
345 1586 576 1634 factitatum,
604 1595 649 1626 ut
674 1588 742 1627 uni
767 1589 880 1639 plura
905 1589 1053 1636 fierent,
1081 1588 1245 1640 lectique

119 1639 249 1690 plures
268 1648 535 1689 sternerentur,
551 1641 592 1679 id
606 1655 760 1694 quoque
774 1655 822 1680 ne
836 1642 956 1689 fieret,
971 1642 1055 1693 lege
1070 1650 1244 1680 sanctum

119 1702 187 1732 est.
218 1693 339 1741 Qua
328 1707 370 1732 m
387 1695 471 1746 lege
490 1708 579 1734 cum
606 1704 715 1745 esset,
747 1699 776 1719 “
796 1709 890 1735 110νο
909 1709 1049 1735 aurum
1068 1696 1243 1745 addjw,'‘

118 1760 240 1809 quarn
258 1748 429 1787 humane
447 1749 588 1801 excipit
606 1751 725 1789 altera
738 1751 816 1795 lex
846 1753 874 1773 “
890 1750 982 1802 quoi
1000 1763 1094 1789 auro
1113 1750 1245 1790 dentes

117 1802 236 1840 vincti
264 1810 410 1850 escunt,
439 1811 498 1841 ast
523 1804 579 1842 im
610 1817 700 1843 cum
727 1805 795 1842 illo
823 1805 980 1856 sepelire
1006 1818 1176 1855 urereve,
1204 1819 1244 1844 se

118 1855 255 1894 fraude
285 1864 374 1895 esto.
379 1857 404 1874 ''
451 1857 506 1895 Et
531 1858 649 1896 simul
672 1859 772 1897 iflud
795 1858 974 1908 videtote,
1001 1859 1109 1898 aliud
1133 1859 1244 1899 habi-

119 1918 205 1948 tum
225 1924 316 1960 esse,
338 1911 509 1963 sepelire,
526 1920 563 1950 et
580 1925 701 1951 urere.

172 1964 277 2003 Duae
306 1974 397 2003 sunt
424 1974 606 2017 praeterea
633 1967 736 2018 leges
765 1967 814 2006 de
841 1967 1046 2019 sepulcris;
1077 1981 1244 2020 quarum

119 2019 239 2057 altera
256 2019 493 2070 privatorum
513 2021 693 2069 aedificiis,
714 2022 867 2060 altera
856 2022 947 2073 ipsis
966 2023 1160 2073 sepulcris,
1181 2036 1244 2061 ca-

120 2079 194 2111 vet.
237 2074 423 2126 Namque
466 2076 495 2098 ‘⁶
514 2088 654 2127 rogum
689 2078 896 2114 bustumve
931 2077 1106 2115 novum’‘
1142 2085 1244 2116 vetat

122 2128 152 2149 “
172 2128 330 2179 propius
357 2129 556 2181 sexaginta
590 2129 704 2181 pedes
731 2130 846 2180 adjici
871 2130 970 2169 aedoe
997 2131 1154 2179 alienas,
1182 2131 1244 2170 in-

121 2180 200 2220 vito
229 2182 410 2223 domino·
400 2183 458 2206 ·”
470 2183 690 2224 incendium
722 2183 893 2236 [videtur
924 2186 1083 2238 arcere-1
1123 2185 1243 2235 Quod
