1470 2402
191 138 270 177 414
553 134 924 176 PARADOXON
953 133 1005 174 V.

192 253 365 298 tergunt,
385 245 454 297 qui
473 252 642 296 ungunt,
663 245 733 297 qui
751 251 924 292 verrunt,
945 244 1016 296 qui
1035 250 1248 296 spargunt,
1266 257 1343 284 non

192 300 508 340 honestissimum
533 300 663 339 locum
690 299 884 338 servitutis
911 306 1070 346 tenent3
1100 299 1154 338 sic
1184 298 1226 337 in
1245 300 1339 338 civi-

194 363 287 403 tate,
309 354 378 406 qui
396 368 435 393 se
454 355 616 392 istarum
634 368 765 392 rerum
785 353 1063 405 cupiditatibus
1087 352 1333 404 dediderunt,

195 410 317 461 ipsius
354 409 545 447 servitutis
592 409 721 447 locum
766 421 876 460 paene
919 407 1101 446 infimum
1145 408 1332 447 obtinent.

198 466 228 486 ‘⁶
250 463 430 524 Magna,'
435 465 445 481 ’
473 463 617 514 inquis,
644 466 672 485 ‘⁶
693 464 796 502 bella
821 461 944 524 gessi.
973 462 1133 524 magnis
1162 462 1334 514 imperiis

199 526 237 557 et
268 518 474 570 provinciis
508 517 669 568 praefui)
674 518 684 533 '
732 518 833 556 Gere
864 517 984 568 igitur
1012 517 1189 555 animum
1217 517 1334 556 laude

198 573 376 625 dignum.
419 572 603 611 Echionis
630 572 763 610 tabula
786 580 823 610 te
848 571 1049 622 stupidum
1079 570 1239 619 detinet,
1266 580 1334 611 aut

199 627 356 679 signum
375 626 534 679 aliquod
554 626 755 677 Polycleti.
788 625 925 672 Mitto,
945 625 1050 663 unde
1064 626 1275 675 sustuleris,
1296 633 1335 665 et

201 681 397 734 quomodo
425 682 577 720 habeas.
629 680 854 719 Intuentem
880 687 932 727 te,
960 679 1230 727 admirantem,
1257 681 1334 720 cla-

201 749 327 775 mores
346 736 559 782 tollentem,
581 747 671 773 cum
693 735 816 783 video,
838 746 991 772 servum
1017 740 1056 772 te
1075 747 1154 772 aese
1171 735 1335 786 ineptia-

202 803 292 829 rum
318 791 496 829 omnium
518 788 662 840 judico.
703 791 733 811 “
750 789 892 828 Nonne
914 788 1033 840 igitur
1058 795 1149 826 sunt
1169 788 1244 827 ista
1261 789 1336 828 fes-

203 845 339 884 tiva?”
370 845 479 884 Sint:
506 857 599 882 nam
618 855 687 882 nos
707 856 863 895 quoque
881 843 1011 881 oculos
1030 843 1198 882 eruditos
1217 843 1336 883 habe-

204 912 306 938 mus.
339 899 416 938 Sed
434 901 588 937 obsecro
603 905 655 946 te,
671 898 725 936 ita
740 904 900 936 venusta
917 897 1132 936 habeantur
1149 897 1236 945 ista,
1256 910 1336 937 non

205 961 252 992 ut
270 954 424 992 vincula
442 953 612 991 virorum
631 952 721 1000 sint,
742 952 809 990 sed
834 959 878 990 ut
903 952 1181 990 oblectamenta
1198 965 1336 1004 puero-

206 1021 308 1046 rum.
349 1007 458 1056 Quid
484 1007 588 1046 enim
613 1007 770 1045 censes?
803 1007 833 1045 si
854 1006 902 1044 L.
925 1006 1148 1044 Mummius
1166 1007 1336 1059 aliquem

206 1062 370 1101 istorum
403 1062 562 1109 videret,
595 1061 859 1100 matellionem
890 1060 1138 1100 Corinthium
1170 1061 1338 1114 cupidis-

207 1117 305 1155 sime
334 1125 576 1164 tractantem,
603 1129 693 1154 cum
723 1116 805 1167 ipse
833 1123 956 1154 totam
986 1114 1219 1154 Corinthum
1246 1128 1337 1155 con-

207 1171 423 1216 temsisset;
455 1178 588 1208 utrum
613 1170 728 1208 illum
751 1171 873 1208 civem
893 1170 1157 1217 excellentem,
1178 1183 1228 1208 an
1247 1171 1339 1209 atri-

208 1238 340 1264 ensem
365 1225 606 1276 diligentem,
632 1226 818 1276 putaret?
858 1224 1078 1262 Reviviscat
1096 1224 1160 1262 M‘
1181 1224 1338 1274 Curius,

208 1287 278 1318 aut
304 1292 437 1318 eorum
463 1279 616 1330 aliquis,
645 1291 811 1330 quorum
841 1278 883 1316 in
913 1278 1007 1317 villa
1032 1291 1076 1316 ac
1101 1278 1217 1318 domo
1242 1279 1342 1318 nihil

210 1334 473 1385 splendidum,
495 1333 593 1370 nihil
611 1340 788 1371 ornatum
809 1332 898 1379 fuit,
919 1340 1055 1384 praeter
1073 1332 1201 1384 ipsos;
1229 1341 1267 1372 et
1285 1334 1343 1373 vi-

210 1388 301 1427 deat
319 1388 505 1440 aliquem,
534 1387 696 1426 summis
721 1387 857 1439 populi
881 1387 1074 1425 beneficiis
1097 1401 1228 1436 usum,
1254 1390 1342 1427 bar-

210 1443 364 1481 batulos
388 1442 532 1480 mullos
558 1449 824 1493 exceptantem
849 1441 897 1479 de
922 1439 1081 1493 piscina,
1113 1450 1151 1480 et
1174 1450 1342 1494 pertrac-

210 1504 374 1545 tantem,
409 1503 446 1535 et
482 1509 745 1534 muraenarum
777 1496 887 1547 copia
917 1496 1176 1547 gloriantem:
1215 1509 1343 1536 nonne

211 1550 318 1589 hunc
343 1551 542 1589 hominem
567 1550 622 1588 ita
646 1563 799 1589 servum
822 1550 982 1600 judicet,
1003 1558 1048 1588 ut
1066 1563 1115 1589 ne
1133 1551 1173 1588 in
1192 1551 1344 1590 familia

213 1605 374 1657 quidem
399 1605 563 1657 dignum
588 1606 736 1654 majore
759 1605 889 1657 aliquo
914 1604 1066 1656 negotio
1088 1612 1198 1656 putet
1212 1607 1230 1644 ?
1272 1606 1343 1644 An

214 1672 350 1698 eorum
382 1660 543 1698 servitus
576 1659 695 1698 dubia
728 1667 797 1706 est,
832 1659 914 1711 qui,
950 1659 1158 1711 cupiditate
1186 1661 1343 1711 peculii,

215 1715 366 1752 nullam
393 1714 650 1752 conditionem
680 1722 857 1752 recusant
882 1713 1097 1752 durissimae
1121 1714 1344 1754 servitutis?

216 1768 466 1807 Haereditatis
497 1781 581 1819 spes
606 1768 701 1819 quid
730 1767 943 1819 iniquitatis
972 1768 1013 1805 in
1040 1768 1237 1807 serviendo
1266 1780 1346 1808 non

215 1823 374 1874 suscipit
388 1825 406 1862 Ρ
438 1835 555 1874 quem
581 1830 723 1860 nutum
741 1822 941 1873 locupletis
960 1822 1043 1860 orbi
1063 1823 1162 1861 senis
1180 1835 1259 1862 non
1277 1825 1346 1862 ob-

216 1879 374 1915 servat?
410 1876 605 1928 Loquitur
623 1876 672 1914 ad
691 1877 929 1914 voluntatem
944 1891 954 1914 :
987 1876 1178 1928 quidquid
1196 1877 1346 1916 denun-

216 1930 359 1968 tiatum
396 1931 457 1978 sit,
495 1930 587 1968 facit
607 1945 619 1968 2
661 1938 881 1977 assectatur,
916 1930 1069 1980 assidet,
1106 1940 1345 1970 muneratur.

217 1983 328 2032 Quid
345 1985 487 2023 horum
506 1993 562 2023 est
580 1984 722 2024 liberi?
755 1984 850 2037 quid
875 1984 1042 2036 denique
1067 1997 1145 2024 non
1171 1986 1268 2025 servi
1286 1986 1346 2024 in-

221 2038 344 2077 ertis.

273 2093 357 2131 ΙΙΙ.
390 2092 531 2141 Quid?
557 2094 641 2154 jam
659 2093 727 2131 illa
745 2093 934 2145 cupiditas
960 2095 1066 2145 (quae
1090 2093 1242 2133 videtur
1267 2105 1346 2132 oese

216 2146 427 2195 liberalior)
440 2147 631 2196 honoris,
621 2148 787 2209 imperii,
803 2147 1101 2226 provinciarum,
1117 2160 1236 2200 quam
1251 2147 1349 2186 dura

217 2208 275 2240 est
305 2201 488 2240 domina!
529 2215 648 2254 quam
681 2202 913 2254 imperiosa!
956 2215 1076 2254 quam
1110 2201 1342 2242 vehemens!
