1470 2402
116 116 122 120 ’
173 137 227 177 aa
281 136 359 177 DE
380 135 799 188 DIVINATIONE,
820 136 921 177 1118.
938 135 998 176 IL
1017 135 1125 177 cir.
1139 136 1207 176 43.

174 245 398 307 repudiavit.
427 245 516 294 Sed,
535 253 580 284 ut
597 245 742 284 ratione
759 253 928 293 utamur,
947 244 1095 284 omissis
1113 243 1286 293 testibus,

174 299 228 338 sic
258 299 321 337 isti
351 299 560 351 disputant,
601 300 669 351 qui
699 299 780 338 haec
813 298 1082 338 Chaldaeorum
1112 298 1290 337 natalicia

175 353 355 404 praedicta
369 353 588 392 defendunt.
618 353 712 392 Vim
727 353 935 405 quamdam
954 365 1033 391 oese
1049 351 1157 390 aiunt
1171 351 1290 403 signi-

173 406 282 444 fero
271 419 312 444 111
338 409 440 454 orbe,
470 407 538 458 qui
562 407 693 446 Graece
713 407 800 444 Ζωὸ
791 422 889 450 anog-
906 406 1057 453 dicitur,
1083 406 1214 453 talem,
1242 411 1290 444 ut

173 461 256 509 ejus
280 460 380 499 orbis
405 474 645 512 unaquaeque
669 474 769 512 pars,
790 460 864 498 alia
889 460 963 498 alio
987 459 1116 506 1110110,
1135 466 1290 498 moveat

173 513 429 565 immutetque
447 516 599 562 coelum,
626 514 781 575 perinde
806 522 849 552 ut
867 527 1030 565 quaeque
1048 488 1193 551 steilae
1181 525 1222 550 m
1240 512 1289 551 iis

174 567 424 620 finitimisque
449 569 619 619 partibus
638 568 715 606 sint
732 581 884 619 quoque
902 575 1095 619 tempore.
1127 579 1289 618 eamque

173 621 254 658 vim
279 622 380 660 varie
405 622 548 660 moveri
574 622 650 660 ab
640 622 685 660 iis
712 622 895 660 sideribus
919 634 1006 672 quae
1030 628 1212 659 vocantur
1229 633 1289 659 er-

173 675 308 712 rantia.
339 676 441 714 Cum
460 684 588 713 autem
607 675 647 713 in
673 688 758 713 eam
781 675 905 736 ipsam
929 682 1073 726 partem
1100 674 1201 712 orbis
1224 687 1291 712 ve-

173 729 313 777 nerint,
333 729 373 767 in
392 743 470 780 qua
488 730 535 767 sit
553 736 657 767 ortus
675 730 756 778 ejus
775 729 843 779 qui
859 728 1038 776 nascitur,
1058 735 1125 765 aut
1142 728 1183 765 in
1202 740 1288 766 eam

173 795 261 833 quae
279 784 526 832 conjunctum
541 782 686 833 aliquid
700 782 850 828 habeat,
867 790 934 820 aut
948 781 1205 820 consentiens:
1227 785 1292 824 (ω,

172 836 364 886 triangula
382 836 439 873 illi
459 845 495 874 et
520 837 705 888 quadrata
728 836 957 883 nominant.)
998 835 1171 883 Etenim,
1196 847 1287 874 80111

172 895 342 941 tempore
379 890 470 927 anni
506 898 864 941 tempestatumque,
905 889 988 927 eoeli
1030 889 1289 928 conversiones

172 944 564 995 commutationesque
593 952 709 982 tantae
738 943 831 981 fiant
856 956 1004 981 3888850
1028 943 1223 981 stellarum
1249 949 1288 980 et

172 1009 344 1043 recessu;
375 1010 540 1049 cumque
570 1011 614 1035 ea
639 997 678 1035 vi
703 997 789 1035 solis
814 996 1038 1044 efficiantur,
1068 1009 1154 1048 quae
1183 995 1289 1034 vide-

172 1062 286 1096 mus;
317 1063 393 1089 non
419 1052 619 1089 verisimile
649 1052 786 1099 solum,
817 1050 881 1089 sed
905 1050 1020 1088 etiam
1046 1063 1175 1088 verum
1208 1063 1288 1088 esse

173 1113 339 1152 censent,
366 1105 535 1165 perinde,
555 1114 771 1166 utcumque
795 1112 1024 1155 temperatus
1053 1103 1102 1142 sit
1123 1107 1200 1151 381,
1232 1103 1289 1142 ita

170 1171 307 1208 pueros
327 1159 484 1197 orientes
504 1159 664 1196 animari
688 1167 802 1209 atque
826 1158 995 1204 formari,
1023 1170 1070 1196 ex
1089 1170 1209 1209 eoque
1226 1157 1288 1195 in-

171 1212 296 1262 genia,
317 1225 454 1259 mores,
474 1213 663 1259 animum,
683 1225 832 1263 corpus,
851 1212 1038 1250 actionem
1055 1211 1157 1260 vitae,
1177 1224 1288 1251 easus

172 1266 371 1317 cujusque,
393 1274 638 1317 eventusque,
659 1266 764 1317 fingi.

223 1319 387 1357 XLIII.
419 1319 456 1358 O
476 1320 736 1358 delirationem
760 1318 1045 1358 incredibilem!
1076 1330 1153 1356 non
1179 1318 1284 1357 enim

169 1373 294 1411 omnis
315 1386 414 1412 error
433 1374 591 1412 stultitia
610 1381 665 1412 est
683 1373 852 1412 dicenda.
882 1373 1036 1421 Quibus
1055 1372 1170 1410 etiam
1185 1372 1285 1411 Dio.

168 1439 283 1477 genoe
298 1428 447 1466 Stoicus
466 1427 648 1475 8011881111,
669 1427 813 1479 311110111
831 1434 874 1464 ut
892 1426 1093 1478 praedieere
1110 1426 1280 1478 possint,
1268 1440 1279 1450 ·

170 1480 358 1518 duntaxat
376 1482 498 1532 qualis
517 1481 678 1532 quisque
697 1481 846 1527 natura,
867 1489 904 1518 et
922 1480 970 1518 ad
988 1493 1106 1531 quam
1119 1480 1283 1532 quisque

170 1534 339 1572 maxime
363 1548 443 1572 rem
469 1544 580 1586 aptus
605 1535 757 1573 futurus
776 1535 834 1573 sit.
877 1534 1035 1581 Caetera,
1055 1547 1142 1585 quae
1165 1534 1283 1586 profi-

170 1593 335 1635 teantur,
365 1597 478 1640 negat
494 1589 574 1626 ullo
599 1589 714 1627 modo
738 1601 846 1640 posse
864 1588 972 1626 58111.
1003 1588 1142 1625 etenim
1160 1588 1282 1638 gemi-

169 1653 307 1679 norum
336 1642 476 1680 formas
509 1656 586 1681 aese
613 1643 767 1689 similes,
796 1642 914 1679 vitam
941 1650 1055 1692 atque
1085 1641 1282 1680 fortunam

169 1695 397 1747 plerumque
415 1696 616 1747 disparem.
646 1671 796 1735 Procles
816 1704 853 1733 et
870 1695 1143 1746 Eurysthenes,
1159 1695 1282 1733 Laee-

169 1748 443 1788 daemoniorum
468 1763 586 1801 reges,
615 1750 759 1801 gemini
787 1749 921 1787 fratrae
949 1749 1116 1787 fuerunt.
1155 1749 1215 1786 At
1237 1748 1280 1787 hi

168 1814 238 1840 nec
262 1803 420 1841 totidem
445 1816 563 1843 annos
589 1805 791 1849 vixerunt3
820 1815 920 1840 anno
939 1803 1041 1840 enim
1060 1803 1187 1840 Procli
1203 1802 1283 1841 vita

168 1857 317 1894 brevior
341 1857 442 1902 fuit,
431 1871 441 1880 ·
471 1859 716 1909 multumque
740 1858 772 1895 is
795 1856 902 1894 fratri
930 1869 1058 1894 rerum
1087 1864 1280 1907 gestarum

168 1909 291 1959 gloria
308 1911 493 1961 praestitit.
534 1912 593 1950 At
611 1924 680 1962 ego
698 1911 766 1949 id
755 1923 896 1962 ipsum,
918 1910 1021 1962 quod
1038 1909 1096 1947 vir
1107 1910 1283 1971 ‘optimus

169 1963 362 2014 Diogenes
389 1964 592 2012 Chaldaeis,
623 1965 731 2016 quasi
763 1964 932 2016 quadam
960 1963 1280 2015 praevaricatione,

167 2017 351 2064 coneedit,
380 2030 478 2069 nego
502 2032 609 2070 110558
633 2018 807 2069 intelligi.
846 2017 1004 2056 Etenim
1021 2030 1125 2064 cum,
1145 2024 1190 2055 ut
1206 2017 1280 2068 ipsi

168 2070 314 2118 dicunt,
334 2079 438 2110 ortus
456 2073 690 2111 nascentium
703 2073 798 2110 luna
813 2071 1044 2118 moderetur,
1064 2083 1183 2121 eaque
1196 2071 1282 2109 ani·

168 2124 407 2163 madvertant
425 2133 462 2163 et
479 2134 610 2164 notent
628 2126 749 2164 sidera
766 2125 942 2164 natalicia
959 2099 1144 2171 OEuildaei,
1173 2137 1279 2175 quae-

166 2190 335 2230 eumque
358 2179 462 2218 lunae
488 2180 622 2228 juncta
643 2179 866 2225 videantur3
894 2178 1091 2217 oculorum
1114 2177 1279 2216 fallacis-

169 2231 267 2272 simo
294 2244 405 2274 sensu
433 2233 606 2284 judicant
633 2246 692 2284 ea,
719 2246 808 2287 quae
836 2232 981 2274 ratione
1008 2239 1125 2285 atque
1150 2232 1280 2272 animo
