1470 2402
177 90 258 128 268
343 88 421 129 DE
452 90 715 139 OFFICIIS,
747 89 847 129 Lm.
870 89 931 129 ΙΙ.
959 88 1066 129 CAP.
1082 87 1145 128 1⁰.

176 205 349 250 tempore
377 212 510 252 capere
546 213 668 254 posse.
717 199 833 238 Hane
863 198 969 238 enim
999 196 1139 236 utilem
1174 206 1308 234 omnes

176 253 398 292 existimant
423 267 631 307 veramque
659 254 918 307 prudentiam.
964 251 1091 291 Justis
1115 257 1246 289 autem
1271 256 1310 288 et

177 306 263 345 fidis
281 307 518 357 hominibus,
545 309 586 347 id
611 316 681 357 aet,
708 309 833 356 bonis,
859 308 913 346 ita
938 306 1032 346 fides
1056 305 1235 353 habetur,
1263 311 1310 342 ut

174 362 285 400 nulla
303 362 352 401 sit
376 363 416 401 in
441 363 500 401 his
526 363 672 401 fraudis
696 363 924 414 injuriaeque
949 360 1124 412 suspicio.
1167 359 1309 410 Itaque

175 415 236 454 his
255 417 417 455 salutem
437 426 622 465 nostram,
642 418 701 456 his
721 418 907 465 fortunas,
927 415 987 454 his
1005 415 1159 462 liberos,
1177 413 1310 452 rectis·

175 470 271 508 sime
298 472 487 510 committi
517 473 758 511 arbitramur.
796 472 953 510 Harum
977 470 1096 522 igitur
1121 468 1304 514 duarum,

175 524 225 562 ad
244 525 359 564 fidem
379 526 608 573 faciendam,
621 527 771 576 justitia
788 527 877 578 plus
891 524 1034 577 pollet3
1056 523 1200 575 quippe
1215 534 1306 560 cum

175 591 233 627 ea,
255 579 335 618 sine
353 581 571 631 prudentia,
588 581 677 620 satis
695 581 835 619 habeat
848 578 1107 623 auctoritatis3
1137 576 1307 629 pruden-

174 633 242 680 tia,
275 635 355 672 sine
382 635 546 684 justitia,
579 636 678 673 nihil
703 635 827 673 valeat
854 634 904 672 ad
933 631 1148 672 faciendam
1175 630 1307 669 fidem.

174 687 268 736 Quo
287 689 389 727 enim
410 689 497 741 quis
516 690 702 728 versutior
721 697 758 727 et
778 689 951 727 callidior
970 695 1040 735 eet,
1063 686 1136 724 hoc
1154 684 1312 723 invisior

175 750 212 780 et
243 743 464 795 suspectior,
494 743 663 782 detracti)o
691 743 870 795 opinione
898 740 1110 794 probitatis.
1157 739 1313 787 Quam-

173 798 306 835 obrem
326 797 590 849 intelligentiae
605 798 755 848 justitia
780 798 998 846 conjuncta,
1025 801 1217 847 quantum
1243 807 1311 832 vo·

172 851 240 899 let,
268 852 439 900 habebit,
470 852 520 890 ad
545 852 760 891 faciendam
788 851 921 900 fidem,
948 850 1114 889 virium:
1142 847 1309 899 justitia,

173 905 255 944 sine
273 906 492 958 prudentia,
521 908 693 946 multum
718 906 884 959 poterit:
915 905 997 944 sine
1011 903 1178 955 justitia,
1206 902 1306 941 nihil

173 960 317 998 valebit
336 962 551 1012 prudentia.

226 1014 280 1052 X.
311 1015 400 1062 Sed,
431 1028 479 1054 ne
511 1016 598 1068 quis
629 1015 679 1055 sit
710 1014 935 1062 admiratus,
969 1026 1051 1061 cur,
1080 1025 1170 1052 cum
1201 1011 1309 1051 inter.

169 1081 303 1107 omnes
329 1070 576 1122 philosophos
602 1078 761 1118 constet,
790 1083 814 1108 a
838 1082 979 1122 meque
1003 1068 1086 1120 ipso
1107 1079 1206 1119 saepe
1224 1065 1304 1105 dis-

169 1130 351 1174 putatum
378 1125 439 1173 sit,
468 1125 537 1177 qui
561 1138 682 1163 unam
707 1125 878 1171 haberet,
905 1135 1037 1162 omnes
1060 1122 1201 1160 habere
1225 1120 1304 1158 vir-

168 1184 284 1223 tutes,
301 1190 404 1217 nunc
422 1179 476 1217 ita
494 1181 709 1231 sejungam,
726 1178 837 1231 quasi
854 1178 973 1230 possit
991 1176 1212 1228 quisquam,
1233 1174 1304 1226 qui

168 1243 245 1269 non
265 1231 369 1270 idem
388 1233 557 1285 prudens
576 1234 638 1282 sit,
664 1235 792 1284 justus
811 1245 914 1278 esse3
944 1231 1020 1270 alia
1038 1237 1094 1269 est
1112 1230 1193 1278 illa,
1210 1241 1301 1268 cum

167 1286 306 1325 veritas
323 1286 407 1338 ipsa
425 1287 583 1326 limatur
601 1288 642 1326 in
667 1287 938 1340 disputatione,
962 1285 1178 1330 subtilitas3
1208 1284 1299 1332 alia,

167 1352 258 1378 cum
273 1340 322 1378 ad
341 1341 562 1392 opinionem
580 1355 826 1381 communem
846 1340 971 1379 omnis
989 1338 1301 1378 accommodatur

167 1395 300 1433 oratio.
345 1396 627 1444 Quamobrem,
654 1405 698 1435 ut
716 1396 870 1448 vulgu8,
890 1396 945 1433 ita
962 1407 1031 1433 nos
1049 1394 1122 1432 hoc
1139 1393 1223 1432 loeo
1241 1392 1301 1430 lo-

167 1448 340 1500 quimur,
370 1458 415 1488 ut
433 1451 526 1490 alios
550 1451 680 1497 fortes,
701 1451 793 1489 alios
814 1452 932 1489 bonos
956 1449 1070 1495 viros,
1094 1447 1189 1486 alios
1206 1460 1303 1499 pru-

168 1503 315 1551 dentes,
345 1504 528 1544 dicamus.
567 1505 826 1557 Popularibus
845 1504 948 1543 enim
967 1503 1092 1542 verbis
1111 1510 1166 1540 est
1184 1513 1302 1553 agen-

167 1556 264 1596 dum
279 1565 318 1596 et
334 1559 498 1607 usitatis,
515 1573 604 1599 cum
623 1560 821 1612 loquimur
839 1558 887 1597 de
905 1557 1083 1610 opinione
1096 1555 1275 1608 populari
1287 1569 1300 1594 ε

167 1611 286 1663 idque
311 1613 445 1652 eodem
465 1614 581 1653 modo
605 1614 695 1654 fecit
714 1613 922 1654 Panaetius.
960 1611 1038 1652 Sed
1062 1611 1112 1650 ad
1130 1609 1306 1663 proposi-

169 1673 256 1705 tum
276 1675 524 1708 revertamur.

223 1720 320 1759 Erat
346 1722 477 1773 igitur,
504 1735 552 1762 ex
577 1723 701 1764 tribus
728 1735 817 1775 quae
840 1719 890 1760 ad
907 1718 1071 1773 gloriam
1095 1719 1304 1772 pertinent,

170 1774 245 1813 hoc
262 1775 435 1824 tertium,
455 1786 514 1825 ut,
542 1791 631 1816 cum
650 1777 902 1816 admiratione
921 1775 1140 1823 hominum,
1160 1773 1306 1813 honore

170 1830 219 1866 ab
247 1829 293 1868 iis
320 1830 428 1881 digni
443 1832 718 1881 judicaremur.
764 1831 1024 1874 Admirantur
1048 1829 1168 1881 igitur
1192 1840 1307 1867 eom-⁷

169 1883 338 1922 munitet
356 1885 414 1922 illi
440 1886 599 1937 quidem
625 1886 771 1933 omnia,
802 1898 890 1937 quae
916 1896 1073 1935 magna,
1106 1890 1143 1921 et
1167 1889 1305 1934 praeter

169 1937 390 1988 opinionem
406 1953 531 1987 suam,
552 1940 930 1984 animadverterunt;
952 1937 1157 1989 separatim
1171 1944 1303 1975 autem

167 1990 208 2028 in
229 1992 404 2044 singulis,
426 1994 457 2031 si
472 1995 707 2046 perspiciunt
725 2007 795 2033 nec
812 1995 969 2045 opinata
987 1991 1167 2044 quaedam
1185 1992 1301 2029 bona.

168 2044 309 2097 Itaque
324 2060 386 2085 eos
405 2048 505 2087 viros
519 2049 745 2101 suspiciunt,
760 2047 1020 2097 maximisque
1035 2045 1198 2084 efferunt
1215 2045 1302 2083 lau-

165 2098 295 2149 dibus,
324 2101 364 2139 in
391 2103 534 2153 quibus
558 2103 780 2142 existimant
802 2115 842 2141 se
860 2100 1088 2141 excellentes
1110 2098 1300 2151 quasdam

164 2160 203 2190 et
232 2153 444 2205 singulares
473 2157 632 2196 virmtae
660 2156 897 2209 perspicere;
927 2153 1141 2207 despiciunt
1164 2160 1297 2194 autem

163 2218 241 2256 eos,
271 2216 309 2247 et
335 2217 603 2263 contemnunt,
631 2211 673 2251 in
706 2211 848 2264 quibus
876 2208 975 2248 nihil
1003 2207 1170 2259 virmtis,
1197 2205 1297 2246 nihil
