1470 2402
259 63 338 105 DE
357 63 777 115 DIVINATIONE,
798 64 898 105 1113.
915 64 974 104 ΙΙ.
996 64 1100 106 ΟΑΡ.
1121 66 1160 104 3.
1217 67 1270 104 55

150 172 241 223 mei,
270 173 352 226 qui,
377 174 460 225 jam
490 181 601 214 aetate
629 174 810 226 provecti,
839 174 879 212 in
910 173 1044 213 nostris
1070 173 1176 213 libris
1206 186 1268 213 ac-

148 228 372 280 quiescunt:
403 241 568 280 quorum
599 228 723 267 studio
747 228 898 290 legendi
923 240 1055 266 meum
1081 228 1268 267 scribendi

147 282 319 320 studium
337 283 597 321 vehementius
621 283 741 321 indies
765 282 968 329 incitatur3
994 295 1088 334 quos
1107 282 1264 334 quidem

146 336 288 388 plures,
310 349 427 388 quam
449 339 571 385 rebar,
593 350 670 375 esse
690 337 859 388 cognovi.
890 336 1149 388 Magnificum
1167 336 1265 375 illud

146 390 277 438 etiam,
298 390 562 442 Romanisque
579 391 798 430 hominibus
817 391 1038 442 gloriosum,
1058 398 1102 428 ut
1123 390 1266 430 Graecis

146 443 195 483 de
223 444 463 506 philosophia
492 445 609 484 literis
638 458 715 483 non
748 452 892 496 egeant.
936 444 1054 493 Quod
1087 457 1264 497 assequar

152 499 334 551 profecto,
355 499 387 538 si
402 498 576 538 instituta
592 499 793 551 perfecero.

200 552 264 592 Ac
282 553 379 591 mihi
397 553 552 605 quidem
578 553 811 616 explicandae
835 551 1084 615 philosophiae
1109 565 1263 592 causam

147 607 276 646 attufit
294 607 426 658 gravis
437 621 544 647 casus
562 608 734 655 civitatis,
756 621 859 656 cum,
880 607 920 645 in
939 607 1054 645 armis
1073 607 1261 656 civilibus,

147 674 218 701 nec
235 661 334 700 tueri
358 674 444 700 meo
467 674 572 701 more
596 662 887 714 rempublicam,
917 674 986 700 nec
1011 661 1108 699 nihil
1137 675 1262 713 agere,

145 722 342 768 poteram;
364 729 446 765 nec,
462 716 556 768 quid
568 717 694 768 potius
709 716 830 768 (quod
849 715 1004 777 quidem
1024 728 1086 753 me
1101 715 1263 766 dignum

147 776 259 818 esset)
285 783 451 822 agerem,
479 771 722 823 reperiebam.
763 770 925 809 Dabunt
949 770 1067 821 igitur
1083 770 1181 807 mihi
1199 783 1264 808 ve-

147 824 253 862 niam
277 824 356 863 mei
373 825 484 873 cives,
505 826 563 863 101
581 825 743 877 gratiam
762 825 887 877 potius
912 824 1121 872 habebunt,
1143 824 1261 876 quod,

149 891 239 918 cum
265 886 360 917 esset
380 879 420 918 in
445 879 560 918 unius
583 887 766 931 potestate
791 879 1016 930 respublica,
1043 890 1167 929 neque
1192 891 1263 940 ego

146 945 211 972 me
240 933 382 981 abdidi,
411 946 536 985 neque
564 933 724 982 deserui,
751 945 874 984 neque
899 931 1033 979 afflixi,
1060 944 1183 983 neque
1208 933 1262 971 ita

145 987 258 1039 gessi,
278 988 388 1040 quasi
404 986 552 1026 homini
569 995 635 1026 aut
654 987 888 1039 temporibus
906 987 1049 1032 iratus3
1071 998 1194 1037 neque
1207 986 1263 1025 ita

144 1055 258 1094 porro
283 1049 351 1080 aut
375 1041 552 1080 adulatus
576 1049 642 1080 aut
661 1041 869 1080 admiratus
887 1041 1081 1079 fortunam
1101 1052 1186 1078 sum
1206 1041 1262 1078 al-

143 1095 274 1143 terius,
303 1103 347 1134 ut
364 1108 427 1134 me
444 1109 540 1134 meae
557 1096 763 1148 poeniteret.
793 1095 842 1134 Id
861 1095 964 1133 enim
982 1095 1111 1146 ipsum
1130 1107 1153 1132 a
1171 1094 1262 1133 Pla-

144 1157 233 1189 tone
257 1134 573 1212 philosophiaque
595 1150 813 1198 didiceram,
842 1149 1032 1188 naturales
1051 1161 1129 1187 esse
1148 1162 1261 1199 quas-

143 1204 235 1243 dam
260 1205 517 1243 conversiones
542 1218 668 1243 rerum
694 1205 950 1256 publicarum,
980 1211 1024 1241 ut
1047 1216 1100 1241 eae
1125 1211 1209 1241 tum
1238 1216 1262 1242 a

145 1259 381 1312 principibus
406 1266 635 1309 tenerentur,
663 1267 748 1297 tum
774 1272 796 1297 a
818 1258 983 1310 popuIiS,
1013 1257 1219 1309 aliquando
1238 1271 1262 1296 a

145 1314 318 1365 singulis.
366 1312 485 1361 Quod
516 1326 604 1352 cum
637 1313 828 1352 accidisset
860 1319 996 1350 nostrae
1025 1311 1258 1363 reipublicae,

143 1375 243 1430 tum,
263 1367 430 1420 pristinis
448 1368 570 1406 orbati
588 1368 823 1414 muneribus,
843 1366 924 1405 haec
944 1365 1068 1404 studia
1082 1378 1261 1404 renovare

144 1423 341 1474 coepimus,
370 1430 414 1461 ut
439 1430 476 1460 et
501 1422 651 1460 animus
672 1422 852 1460 molestiis
870 1421 942 1459 hac
959 1420 1201 1486 potissimum
1219 1433 1260 1459 re

142 1477 344 1524 levaretur,
365 1484 402 1515 et
418 1476 679 1528 prodessemus
698 1476 841 1515 civibus
856 1475 990 1513 nostris
1005 1488 1082 1526 qua
1097 1487 1137 1512 re
1151 1487 1259 1512 cum-

143 1545 219 1584 que
232 1544 439 1583 possemus.
470 1531 519 1569 In
536 1531 642 1569 libris
662 1531 764 1569 enim
783 1529 1008 1569 sententiam
1022 1528 1256 1577 dicebamus,

142 1586 474 1634 0011010113113111111,
503 1585 783 1637 philosophiam
812 1584 921 1622 nobis
949 1597 1018 1635 pro
1043 1583 1261 1634 reipublicae

143 1639 407 1692 procuratione
436 1640 681 1678 substitutam
712 1640 955 1700 putabamus.
996 1638 1128 1685 Nunc,
1163 1649 1260 1688 quo-

144 1694 251 1732 niam
280 1693 328 1732 de
355 1694 551 1746 republica
579 1694 724 1733 consuli
749 1692 860 1754 coepti
885 1705 1031 1739 sumus,
1058 1690 1260 1729 tribuenda

145 1756 203 1787 est
214 1761 329 1800 opera
346 1748 576 1799 reipublicae,
597 1749 657 1786 vel
675 1747 798 1786 omnis
816 1747 942 1799 potius
960 1746 999 1783 in
1020 1745 1063 1783 ea
1083 1745 1260 1796 cogitatio

144 1811 182 1843 et
196 1816 286 1842 cura
298 1802 496 1854 ponenda.
528 1809 678 1840 tantum
697 1802 787 1839 huic
805 1800 930 1839 studio
948 1799 1256 1851 relinquendum,

144 1865 336 1910 quantum
365 1856 512 1895 vacabit
537 1870 560 1894 a
584 1856 737 1908 publico
762 1855 883 1894 officio
909 1862 946 1892 et
973 1866 1143 1892 munere·
1184 1852 1261 1892 Sed

143 1912 226 1951 haec
251 1911 343 1950 alias
367 1911 565 1964 pluribus.
596 1923 698 1949 nunc
723 1910 772 1949 ad
795 1909 1009 1948 institutam
1035 1907 1260 1960 disputatio-

141 1979 232 2006 nem
250 1974 495 2004 revertamur.

198 2020 282 2058 III.
313 2021 433 2069 Nam,
463 2033 553 2058 011111
578 2019 625 2058 de
646 2019 875 2058 divinatione
895 2017 1066 2066 Quintus
1082 2015 1197 2054 frater
1217 2028 1261 2054 ea

141 2074 391 2121 disseruisset,
422 2088 510 2126 quae
534 2074 723 2126 superiore
746 2074 844 2112 111110
868 2072 1005 2123 scripta
1031 2078 1132 2118 sunt,
1153 2070 1261 2108 satis-

145 2143 222 2182 que
240 2129 483 2167 ambulatum
508 2128 710 2175 videretur,
739 2135 825 2166 tum
842 2127 882 2165 in
900 2125 1143 2173 bibliotheca,
1173 2138 1260 2176 quae

144 2184 186 2223 'm
216 2183 345 2236 Lyceo
369 2190 438 2234 est,
467 2183 686 2224 assedimus.
716 2183 851 2236 Atque
881 2194 964 2235 eg0,
996 2180 1186 2220 Accurate
1216 2185 1260 2218 tu
