1470 2402
202 80 285 120 296
368 78 448 119 DE
476 78 742 128 oFFICIIS,
772 78 874 121 Lm.
895 78 981 120 111.
1008 78 1116 120 CAP.
1136 81 1177 121 54

196 187 531 251 siderandumque·
537 189 711 229 videatur
722 189 741 227 Ρ
771 188 910 237 Credo,
925 189 958 229 si
971 188 1128 242 quando
1140 187 1331 230 dubitatio

197 242 350 291 accidit,
370 244 484 295 quale
502 243 552 284 sit
569 244 624 292 id,
645 243 789 296 dequo
807 243 1076 283 eonsideretur.

252 298 363 349 Saepe
377 298 481 336 enim
500 306 671 360 tempore
689 298 747 345 fit,
767 305 826 347 ut,
847 298 952 350 quod
968 298 1198 350 plerumque
1214 305 1328 350 turpe

196 350 331 390 haberi
356 352 489 400 soleat
519 352 737 393 inveniatur
762 365 840 393 non
870 365 950 393 esse
974 360 1099 405 turpe.
1140 351 1328 404 Exempli

197 418 326 454 causa,
357 415 524 458 ponatur
549 407 710 459 aliquid,
742 407 848 459 quod
875 415 1004 459 pateat
1031 407 1159 446 latius.
1206 405 1327 454 Quod

195 468 321 511 potest
338 462 466 511 majus
485 475 565 500 esse
583 462 719 510 scelus,
739 475 858 514 quam
880 474 958 501 non
977 461 1094 500 modo
1111 460 1325 522 hominem,

195 514 264 554 sed
282 515 397 554 etiam
416 515 646 554 familiarem
664 516 878 564 hominem,
898 515 1089 555 occidere.
1079 518 1097 543 ⁹
1127 516 1240 554 Num
1253 515 1327 566 ιμ-

195 576 260 607 tur
284 583 323 608 se
349 570 554 609 adstrinxit
578 571 729 618 scelere,
757 571 790 610 si
817 571 904 623 quis
932 578 1143 622 tyrannum
1173 569 1325 617 occidit,

194 624 373 674 quamvis
391 625 656 665 familiarem?
687 625 889 677 Populoq
890 624 1019 664 uidem
1040 625 1221 664 Romano
1246 635 1325 662 non

196 677 361 726 videtur,
383 679 465 731 qui,
493 693 540 718 ex
566 680 747 719 omnibus
769 680 960 732 praeclaris
978 679 1100 727 factis,
1119 677 1219 718 illud
1237 678 1326 730 pul·

194 731 430 772 cherrimum
458 734 662 773 existimat.
710 734 817 773 Vicit
849 747 938 785 ergo
970 733 1116 774 un‘lioes
1147 733 1325 772 honesta-

195 789 308 825 tem?
337 787 460 826 immo
478 801 567 828 vero
585 789 824 828 honestatem
842 788 989 828 utilitas
1008 796 1136 827 secuta
1153 795 1221 826 est.

250 841 404 893 Itaque,
425 850 470 881 ut
487 843 568 882 sine
586 844 667 882 ullo
687 857 810 883 errore
824 842 1034 893 dijudicare
1051 842 1256 894 possimus,
1276 841 1327 880 si-

193 896 351 947 quando
377 910 467 937 cum
491 897 559 937 illo
584 898 688 950 quod
713 898 919 938 honestum
941 897 1207 948 intelligimus,
1226 909 1328 948 pug

194 962 286 988 nare
318 950 358 988 id
391 951 583 990 videbitur
615 952 721 1004 quod
752 953 993 1004 appellamus
1019 951 1129 1000 un'le,
1158 950 1327 990 fommla

193 1004 375 1056 quaedam
406 1007 671 1045 constituenda
707 1015 788 1052 εεις
831 1019 951 1059 quam
983 1005 1015 1045 ει
1046 1018 1252 1058 sequemur
1283 1005 1325 1043 ιιι

193 1060 477 1111 comparatione
496 1074 639 1108 rerum,
660 1063 709 1100 ab
728 1061 851 1101 officio
869 1073 1073 1122 nunquam
1091 1059 1324 1100 recedemus.

194 1113 284 1153 Erit
308 1122 438 1153 autem
464 1114 546 1154 haec
563 1115 745 1163 formula,
765 1116 983 1154 Stoicorum
1001 1114 1140 1154 rationi
1156 1113 1325 1165 discipli-

192 1179 528 1274 ιῖῗὲἕζῗὲζὲἶὲἒ
544 1168 1325 1285 ιξῗὲιῖῗῗιοὲᾚῗὲιῗιᾚ

192 1275 299 1315 ribus
313 1277 571 1325 Academicis,
586 1287 625 1316 et
638 1292 662 1317 a
673 1278 933 1330 Peripateticis
947 1278 1099 1325 nostris,
1114 1277 1184 1329 qui
1198 1289 1323 1329 quon

191 1329 285 1369 dam
310 1331 429 1370 iidem
449 1340 556 1370 erant
575 1333 644 1384 qui
661 1333 902 1381 Academici,
929 1346 1017 1385 quae
1034 1332 1194 1371 honesta
1214 1338 1321 1378 sunt,

191 1392 481 1437 anteponuntur
498 1386 545 1424 iis
571 1400 658 1438 quae
683 1387 860 1426 videntur
881 1387 1017 1433 utilia;
1046 1394 1175 1425 tamen
1195 1386 1322 1438 splen-

189 1438 320 1478 didius
349 1440 431 1479 haec
448 1442 498 1480 ab
518 1441 570 1480 eis
589 1441 841 1490 disseruntur,
861 1441 1017 1494 quibus,
1037 1439 1228 1493 quidquid
1251 1440 1322 1479 ho·

191 1503 346 1533 nestum
360 1502 430 1541 εει,
450 1495 554 1535 idem
573 1496 668 1534 utile
682 1495 857 1542 videtui-3
886 1508 956 1534 nec
976 1495 1071 1535 utile
1090 1494 1320 1547 quidquam,

191 1548 298 1599 quod
316 1561 394 1588 non
412 1549 644 1596 honestum3
675 1563 795 1602 quam
817 1551 866 1591 ab
891 1550 966 1598 his,
992 1550 1135 1603 quibus
1159 1556 1227 1588 aut
1250 1549 1321 1588 ho-

189 1611 345 1642 nestum
375 1603 523 1655 aliquid
547 1617 625 1643 ιιοιι
651 1605 762 1653 utile,
788 1613 857 1645 aut
879 1579 976 1644 util'e
999 1617 1078 1644 non
1101 1604 1320 1643 honaemm.

191 1656 319 1696 Nobis
348 1667 479 1696 autem
511 1666 641 1698 nostra
669 1659 885 1698 Academia
913 1672 1097 1711 magnam
1123 1657 1319 1697 licentiam

188 1710 272 1758 dat,
292 1719 351 1774 ιιι,
371 1712 645 1765 quodcumque
662 1714 833 1752 maxime
850 1714 1049 1766 probabile
1066 1720 1252 1761 occurrat,
1278 1711 1320 1751 id

189 1773 319 1805 nostro
333 1767 422 1816 jure
439 1767 552 1806 liceat
569 1767 783 1807 defendere.
813 1767 890 1808 Sed
908 1768 1021 1808 redeo
1033 1767 1083 1806 ad
1097 1767 1320 1806 formulam.

245 1820 297 1860 V.
327 1820 539 1860 Detrahere
570 1821 690 1873 igitur
721 1822 870 1874 aliquid
901 1822 1024 1871 alteri,
1055 1831 1094 1861 et
1122 1821 1322 1860 hominem

188 1873 358 1915 hominis
375 1875 620 1915 incommodo
634 1889 749 1915 suum
763 1890 903 1928 augere
916 1876 1179 1924 commodum,
1198 1874 1324 1927 magis

190 1935 247 1966 est
276 1937 409 1968 eontra
437 1938 632 1979 naturam,
659 1944 779 1982 quam
807 1944 925 1979 mors,
956 1944 1076 1983 quam
1099 1937 1320 1982 paupertae,

189 1995 311 2033 quam
329 1983 452 2031 dolor,
472 1998 592 2036 quam
611 1994 759 2034 caeoera,
783 1999 873 2037 quae
895 1993 1057 2038 pomum
1080 1992 1148 2023 aut
1171 1983 1321 2035 corpori

190 2036 373 2085 accidere,
403 2046 472 2077 aut
500 2040 613 2078 rebus
643 2040 821 2080 externis.
869 2041 976 2079 Nam
1005 2038 1208 2100 principio
1219 2037 1322 2076 tollit

187 2091 408 2130 convictum
420 2091 657 2142 humanum,
677 2102 716 2134 et
733 2094 962 2135 societatem.
995 2094 1037 2133 Si
1056 2093 1161 2132 enim
1179 2093 1233 2131 sie
1246 2091 1319 2131 eri-

184 2156 277 2187 mus
294 2145 433 2197 affecti,
461 2155 505 2187 ut
523 2156 678 2200 propter
695 2161 812 2190 suum
830 2149 995 2202 quisque
1012 2148 1319 2188 emolumentum
