<?xml version="1.0" encoding="UTF-8"?>
<!DOCTYPE html PUBLIC "-//W3C//DTD XHTML 1.0 Transitional//EN"
    "http://www.w3.org/TR/xhtml1/DTD/xhtml1-transitional.dtd">
<html xmlns="http://www.w3.org/1999/xhtml" xml:lang="en" lang="en">
 <head>
  <title>
</title>
<meta http-equiv="Content-Type" content="text/html;charset=utf-8" />
  <meta name='ocr-system' content='tesseract 3.04.00' />
  <meta name='ocr-capabilities' content='ocr_page ocr_carea ocr_par ocr_line ocrx_word'/>
</head>
<body>
  <div class='ocr_page' id='page_1' title='image "./operaern04ciceuoft_0239.png"; bbox 0 0 1470 2402; ppageno 0'>
   <div class='ocr_carea' id='block_1_1' title="bbox 295 98 1252 160">
    <p class='ocr_par' dir='ltr' id='par_1_1' title="bbox 295 98 1252 160">
     <span class='ocr_line' id='line_1_1' title="bbox 295 98 1252 160; baseline -0.006 -8"><span class='ocrx_word' id='word_1_1' title='bbox 295 111 372 152; x_wconf 85' lang='lat' dir='ltr'>DE</span> <span class='ocrx_word' id='word_1_2' title='bbox 401 103 798 160; x_wconf 73' lang='lat' dir='ltr'>oFF1cr15,‘L11³.</span> <span class='ocrx_word' id='word_1_3' title='bbox 820 109 854 148; x_wconf 92' lang='lat'>1.</span> <span class='ocrx_word' id='word_1_4' title='bbox 885 108 992 149; x_wconf 44' lang='lat' dir='ltr'>cim.</span> <span class='ocrx_word' id='word_1_5' title='bbox 1013 109 1081 147; x_wconf 53' lang='grc' dir='ltr'>ᾗ.</span> <span class='ocrx_word' id='word_1_6' title='bbox 1172 98 1252 146; x_wconf 69' lang='grc'>’225</span> 
     </span>
    </p>
   </div>
   <div class='ocr_carea' id='block_1_2' title="bbox 107 216 1262 2214">
    <p class='ocr_par' dir='ltr' id='par_1_2' title="bbox 115 216 1257 1176">
     <span class='ocr_line' id='line_1_2' title="bbox 127 216 1255 271; baseline -0.004 -12"><span class='ocrx_word' id='word_1_7' title='bbox 127 220 215 259; x_wconf 85' lang='lat' dir='ltr'>nio.¹</span> <span class='ocrx_word' id='word_1_8' title='bbox 235 220 359 259; x_wconf 82' lang='lat' dir='ltr'>Multi</span> <span class='ocrx_word' id='word_1_9' title='bbox 377 221 481 259; x_wconf 88' lang='lat' dir='ltr'>enim</span> <span class='ocrx_word' id='word_1_10' title='bbox 505 220 606 259; x_wconf 81' lang='lat' dir='ltr'>bella</span> <span class='ocrx_word' id='word_1_11' title='bbox 629 233 728 271; x_wconf 86' lang='lat' dir='ltr'>saepe</span> <span class='ocrx_word' id='word_1_12' title='bbox 745 219 979 271; x_wconf 55' lang='lat' dir='ltr'>quasierunt</span> <span class='ocrx_word' id='word_1_13' title='bbox 997 223 1151 269; x_wconf 83' lang='lat' dir='ltr'>propter</span> <span class='ocrx_word' id='word_1_14' title='bbox 1171 216 1255 267; x_wconf 79' lang='lat' dir='ltr'>glo-</span> 
     </span>
     <span class='ocr_line' id='line_1_3' title="bbox 128 271 1255 326; baseline -0.005 -13"><span class='ocrx_word' id='word_1_15' title='bbox 128 275 195 313; x_wconf 81' lang='lat' dir='ltr'>riae</span> <span class='ocrx_word' id='word_1_16' title='bbox 213 275 486 326; x_wconf 80' lang='lat' dir='ltr'>cupiditatem3</span> <span class='ocrx_word' id='word_1_17' title='bbox 508 283 624 326; x_wconf 87' lang='lat' dir='ltr'>atque</span> <span class='ocrx_word' id='word_1_18' title='bbox 641 274 682 312; x_wconf 91' lang='lat' dir='ltr'>id</span> <span class='ocrx_word' id='word_1_19' title='bbox 700 275 740 311; x_wconf 85' lang='lat' dir='ltr'>in</span> <span class='ocrx_word' id='word_1_20' title='bbox 757 273 909 324; x_wconf 82' lang='lat' dir='ltr'>magnis</span> <span class='ocrx_word' id='word_1_21' title='bbox 923 271 1060 310; x_wconf 84' lang='lat' dir='ltr'>animis</span> <span class='ocrx_word' id='word_1_22' title='bbox 1074 271 1255 322; x_wconf 87' lang='lat' dir='ltr'>ingeniis-</span> 
     </span>
     <span class='ocr_line' id='line_1_4' title="bbox 130 323 1257 381; baseline -0.005 -14"><span class='ocrx_word' id='word_1_23' title='bbox 130 342 207 379; x_wconf 86' lang='lat' dir='ltr'>que</span> <span class='ocrx_word' id='word_1_24' title='bbox 235 330 464 381; x_wconf 83' lang='lat' dir='ltr'>plerumque</span> <span class='ocrx_word' id='word_1_25' title='bbox 493 328 694 379; x_wconf 84' lang='lat' dir='ltr'>contingit,</span> <span class='ocrx_word' id='word_1_26' title='bbox 725 340 845 379; x_wconf 83' lang='lat' dir='ltr'>eoque</span> <span class='ocrx_word' id='word_1_27' title='bbox 869 326 1006 377; x_wconf 84' lang='lat' dir='ltr'>magis,</span> <span class='ocrx_word' id='word_1_28' title='bbox 1034 326 1066 363; x_wconf 89' lang='lat' dir='ltr'>si</span> <span class='ocrx_word' id='word_1_29' title='bbox 1093 332 1182 363; x_wconf 86' lang='lat' dir='ltr'>sunt</span> <span class='ocrx_word' id='word_1_30' title='bbox 1207 323 1257 362; x_wconf 90' lang='lat' dir='ltr'>ad</span> 
     </span>
     <span class='ocr_line' id='line_1_5' title="bbox 130 379 1255 434; baseline -0.004 -14"><span class='ocrx_word' id='word_1_31' title='bbox 130 395 214 420; x_wconf 88' lang='lat' dir='ltr'>rem</span> <span class='ocrx_word' id='word_1_32' title='bbox 238 383 443 421; x_wconf 80' lang='lat' dir='ltr'>militarem</span> <span class='ocrx_word' id='word_1_33' title='bbox 462 383 556 434; x_wconf 81' lang='lat' dir='ltr'>apti,</span> <span class='ocrx_word' id='word_1_34' title='bbox 577 390 614 420; x_wconf 90' lang='lat' dir='ltr'>et</span> <span class='ocrx_word' id='word_1_35' title='bbox 632 382 762 433; x_wconf 85' lang='lat' dir='ltr'>cupidi</span> <span class='ocrx_word' id='word_1_36' title='bbox 778 381 969 420; x_wconf 82' lang='lat' dir='ltr'>bellorum</span> <span class='ocrx_word' id='word_1_37' title='bbox 987 379 1255 431; x_wconf 86' lang='lat' dir='ltr'>gerendorum.</span> 
     </span>
     <span class='ocr_line' id='line_1_6' title="bbox 132 432 1257 486; baseline -0.004 -11"><span class='ocrx_word' id='word_1_38' title='bbox 132 435 236 475; x_wconf 85' lang='lat' dir='ltr'>Vere</span> <span class='ocrx_word' id='word_1_39' title='bbox 252 445 383 474; x_wconf 84' lang='lat' dir='ltr'>autem</span> <span class='ocrx_word' id='word_1_40' title='bbox 402 437 433 475; x_wconf 91' lang='lat' dir='ltr'>si</span> <span class='ocrx_word' id='word_1_41' title='bbox 451 437 630 475; x_wconf 85' lang='lat' dir='ltr'>volumus</span> <span class='ocrx_word' id='word_1_42' title='bbox 645 436 831 486; x_wconf 87' lang='lat' dir='ltr'>judicare,</span> <span class='ocrx_word' id='word_1_43' title='bbox 860 435 995 472; x_wconf 77' lang='lat' dir='ltr'>muitae</span> <span class='ocrx_word' id='word_1_44' title='bbox 1019 447 1078 471; x_wconf 87' lang='lat' dir='ltr'>res</span> <span class='ocrx_word' id='word_1_45' title='bbox 1101 432 1257 471; x_wconf 74' lang='lat' dir='ltr'>exstite-</span> 
     </span>
     <span class='ocr_line' id='line_1_7' title="bbox 129 486 1251 541; baseline -0.003 -14"><span class='ocrx_word' id='word_1_46' title='bbox 129 497 222 528; x_wconf 88' lang='lat' dir='ltr'>runt</span> <span class='ocrx_word' id='word_1_47' title='bbox 257 492 416 529; x_wconf 84' lang='lat' dir='ltr'>urbanae</span> <span class='ocrx_word' id='word_1_48' title='bbox 450 491 614 540; x_wconf 87' lang='lat' dir='ltr'>majores</span> <span class='ocrx_word' id='word_1_49' title='bbox 653 489 902 541; x_wconf 83' lang='lat' dir='ltr'>clarioresque</span> <span class='ocrx_word' id='word_1_50' title='bbox 938 493 1057 540; x_wconf 81' lang='lat' dir='ltr'>quam</span> <span class='ocrx_word' id='word_1_51' title='bbox 1093 486 1251 525; x_wconf 79' lang='lat' dir='ltr'>benicae.</span> 
     </span>
     <span class='ocr_line' id='line_1_8' title="bbox 130 541 1256 593; baseline -0.005 -10"><span class='ocrx_word' id='word_1_52' title='bbox 130 544 321 592; x_wconf 78' lang='lat' dir='ltr'>Quamvis</span> <span class='ocrx_word' id='word_1_53' title='bbox 336 545 440 583; x_wconf 85' lang='lat' dir='ltr'>enim</span> <span class='ocrx_word' id='word_1_54' title='bbox 453 545 730 582; x_wconf 84' lang='lat' dir='ltr'>Themistocles</span> <span class='ocrx_word' id='word_1_55' title='bbox 741 544 828 593; x_wconf 89' lang='lat' dir='ltr'>jure</span> <span class='ocrx_word' id='word_1_56' title='bbox 841 543 1034 589; x_wconf 82' lang='lat' dir='ltr'>laudetur,</span> <span class='ocrx_word' id='word_1_57' title='bbox 1054 548 1091 579; x_wconf 85' lang='lat' dir='ltr'>et</span> <span class='ocrx_word' id='word_1_58' title='bbox 1111 541 1158 578; x_wconf 86' lang='lat' dir='ltr'>sit</span> <span class='ocrx_word' id='word_1_59' title='bbox 1173 541 1256 590; x_wconf 87' lang='lat' dir='ltr'>ejus</span> 
     </span>
     <span class='ocr_line' id='line_1_9' title="bbox 129 594 1256 650; baseline -0.003 -15"><span class='ocrx_word' id='word_1_60' title='bbox 129 610 285 646; x_wconf 87' lang='lat' dir='ltr'>nomen,</span> <span class='ocrx_word' id='word_1_61' title='bbox 315 612 434 650; x_wconf 88' lang='lat' dir='ltr'>quam</span> <span class='ocrx_word' id='word_1_62' title='bbox 453 599 616 644; x_wconf 77' lang='lat' dir='ltr'>Solonis,</span> <span class='ocrx_word' id='word_1_63' title='bbox 641 598 840 646; x_wconf 73' lang='lat' dir='ltr'>illustrius,</span> <span class='ocrx_word' id='word_1_64' title='bbox 861 597 1072 647; x_wconf 85' lang='lat' dir='ltr'>citeturque</span> <span class='ocrx_word' id='word_1_65' title='bbox 1091 594 1256 634; x_wconf 81' lang='lat' dir='ltr'>Salamis</span> 
     </span>
     <span class='ocr_line' id='line_1_10' title="bbox 115 648 1257 703; baseline -0.003 -14"><span class='ocrx_word' id='word_1_66' title='bbox 115 652 347 691; x_wconf 70' lang='lat' dir='ltr'>-clafissimae</span> <span class='ocrx_word' id='word_1_67' title='bbox 373 653 476 691; x_wconf 81' lang='lat' dir='ltr'>testis</span> <span class='ocrx_word' id='word_1_68' title='bbox 501 652 680 700; x_wconf 65' lang='lat' dir='ltr'>victoriae,</span> <span class='ocrx_word' id='word_1_69' title='bbox 710 665 797 703; x_wconf 86' lang='lat' dir='ltr'>quae</span> <span class='ocrx_word' id='word_1_70' title='bbox 822 658 1074 702; x_wconf 78' lang='lat' dir='ltr'>anteponatur</span> <span class='ocrx_word' id='word_1_71' title='bbox 1100 648 1257 687; x_wconf 73' lang='lat' dir='ltr'>consilio</span> 
     </span>
     <span class='ocr_line' id='line_1_11' title="bbox 130 703 1256 758; baseline -0.003 -15"><span class='ocrx_word' id='word_1_72' title='bbox 130 705 294 755; x_wconf 85' lang='lat' dir='ltr'>Solonis,</span> <span class='ocrx_word' id='word_1_73' title='bbox 315 707 364 753; x_wconf 89' lang='lat' dir='ltr'>ei,</span> <span class='ocrx_word' id='word_1_74' title='bbox 385 720 461 758; x_wconf 91' lang='lat' dir='ltr'>quo</span> <span class='ocrx_word' id='word_1_75' title='bbox 479 707 650 758; x_wconf 88' lang='lat' dir='ltr'>primum</span> <span class='ocrx_word' id='word_1_76' title='bbox 670 705 864 744; x_wconf 83' lang='lat' dir='ltr'>constituit</span> <span class='ocrx_word' id='word_1_77' title='bbox 877 703 1156 755; x_wconf 77' lang='lat' dir='ltr'>Areopagitas3</span> <span class='ocrx_word' id='word_1_78' title='bbox 1177 715 1256 740; x_wconf 88' lang='lat' dir='ltr'>non</span> 
     </span>
     <span class='ocr_line' id='line_1_12' title="bbox 129 757 1253 812; baseline -0.003 -15"><span class='ocrx_word' id='word_1_79' title='bbox 129 759 259 798; x_wconf 86' lang='lat' dir='ltr'>minus</span> <span class='ocrx_word' id='word_1_80' title='bbox 283 761 511 812; x_wconf 85' lang='lat' dir='ltr'>praeclarum</span> <span class='ocrx_word' id='word_1_81' title='bbox 535 761 622 808; x_wconf 86' lang='lat' dir='ltr'>hoc,</span> <span class='ocrx_word' id='word_1_82' title='bbox 644 773 763 812; x_wconf 87' lang='lat' dir='ltr'>quam</span> <span class='ocrx_word' id='word_1_83' title='bbox 781 759 894 805; x_wconf 77' lang='lat' dir='ltr'>illud,</span> <span class='ocrx_word' id='word_1_84' title='bbox 911 757 1166 808; x_wconf 83' lang='lat' dir='ltr'>judicandum</span> <span class='ocrx_word' id='word_1_85' title='bbox 1185 765 1253 795; x_wconf 63' lang='lat' dir='ltr'>est„</span> 
     </span>
     <span class='ocr_line' id='line_1_13' title="bbox 131 811 1256 865; baseline -0.003 -14"><span class='ocrx_word' id='word_1_86' title='bbox 131 814 239 852; x_wconf 82' lang='lat' dir='ltr'>Illud</span> <span class='ocrx_word' id='word_1_87' title='bbox 264 815 368 852; x_wconf 91' lang='lat' dir='ltr'>enim</span> <span class='ocrx_word' id='word_1_88' title='bbox 387 816 503 852; x_wconf 89' lang='lat' dir='ltr'>semel</span> <span class='ocrx_word' id='word_1_89' title='bbox 521 814 691 865; x_wconf 81' lang='lat' dir='ltr'>profuit3</span> <span class='ocrx_word' id='word_1_90' title='bbox 721 814 793 851; x_wconf 86' lang='lat' dir='ltr'>hoc</span> <span class='ocrx_word' id='word_1_91' title='bbox 812 826 959 865; x_wconf 89' lang='lat' dir='ltr'>semper</span> <span class='ocrx_word' id='word_1_92' title='bbox 976 811 1145 863; x_wconf 84' lang='lat' dir='ltr'>proderit</span> <span class='ocrx_word' id='word_1_93' title='bbox 1163 811 1256 849; x_wconf 81' lang='lat' dir='ltr'>civi-</span> 
     </span>
     <span class='ocr_line' id='line_1_14' title="bbox 128 866 1254 919; baseline -0.002 -15"><span class='ocrx_word' id='word_1_94' title='bbox 128 867 222 905; x_wconf 85' lang='lat' dir='ltr'><strong>tati:</strong></span> <span class='ocrx_word' id='word_1_95' title='bbox 254 869 327 907; x_wconf 88' lang='lat' dir='ltr'>hoc</span> <span class='ocrx_word' id='word_1_96' title='bbox 344 869 499 907; x_wconf 88' lang='lat' dir='ltr'>consilio</span> <span class='ocrx_word' id='word_1_97' title='bbox 517 870 619 919; x_wconf 82' lang='lat' dir='ltr'>leges</span> <span class='ocrx_word' id='word_1_98' title='bbox 637 867 952 915; x_wconf 78' lang='lat' dir='ltr'>Atheniensium,</span> <span class='ocrx_word' id='word_1_99' title='bbox 971 867 1044 904; x_wconf 89' lang='lat' dir='ltr'>hoc</span> <span class='ocrx_word' id='word_1_100' title='bbox 1061 866 1254 915; x_wconf 87' lang='lat' dir='ltr'>majorum</span> 
     </span>
     <span class='ocr_line' id='line_1_15' title="bbox 127 919 1255 971; baseline -0.003 -13"><span class='ocrx_word' id='word_1_101' title='bbox 127 920 316 971; x_wconf 81' lang='lat' dir='ltr'>instituta,</span> <span class='ocrx_word' id='word_1_102' title='bbox 345 930 553 961; x_wconf 86' lang='lat' dir='ltr'>servantur.</span> <span class='ocrx_word' id='word_1_103' title='bbox 591 923 645 960; x_wconf 89' lang='lat' dir='ltr'>Et</span> <span class='ocrx_word' id='word_1_104' title='bbox 669 921 948 960; x_wconf 80' lang='lat' dir='ltr'>Themistocles</span> <span class='ocrx_word' id='word_1_105' title='bbox 975 920 1131 971; x_wconf 89' lang='lat' dir='ltr'>quidem</span> <span class='ocrx_word' id='word_1_106' title='bbox 1156 919 1255 956; x_wconf 75' lang='lat' dir='ltr'>nihil</span> 
     </span>
     <span class='ocr_line' id='line_1_16' title="bbox 127 973 1256 1027; baseline -0.004 -13"><span class='ocrx_word' id='word_1_107' title='bbox 127 975 280 1024; x_wconf 75' lang='lat' dir='ltr'>dixerit,</span> <span class='ocrx_word' id='word_1_108' title='bbox 308 977 350 1014; x_wconf 85' lang='lat' dir='ltr'>in</span> <span class='ocrx_word' id='word_1_109' title='bbox 381 989 458 1027; x_wconf 92' lang='lat' dir='ltr'>quo</span> <span class='ocrx_word' id='word_1_110' title='bbox 483 976 564 1027; x_wconf 87' lang='lat' dir='ltr'>ipse</span> <span class='ocrx_word' id='word_1_111' title='bbox 594 978 848 1027; x_wconf 86' lang='lat' dir='ltr'>Areopagum</span> <span class='ocrx_word' id='word_1_112' title='bbox 878 974 1091 1024; x_wconf 74' lang='lat' dir='ltr'>adjuvetit3</span> <span class='ocrx_word' id='word_1_113' title='bbox 1122 982 1161 1011; x_wconf 83' lang='lat' dir='ltr'>at</span> <span class='ocrx_word' id='word_1_114' title='bbox 1189 973 1256 1010; x_wconf 76' lang='lat' dir='ltr'>ilie</span> 
     </span>
     <span class='ocr_line' id='line_1_17' title="bbox 127 1028 1254 1078; baseline -0.003 -11"><span class='ocrx_word' id='word_1_115' title='bbox 127 1042 228 1078; x_wconf 88' lang='lat' dir='ltr'>vere,</span> <span class='ocrx_word' id='word_1_116' title='bbox 249 1043 273 1068; x_wconf 81' lang='lat' dir='ltr'>a</span> <span class='ocrx_word' id='word_1_117' title='bbox 291 1043 330 1068; x_wconf 89' lang='lat' dir='ltr'>se</span> <span class='ocrx_word' id='word_1_118' title='bbox 343 1030 522 1078; x_wconf 89' lang='lat' dir='ltr'>adjutum</span> <span class='ocrx_word' id='word_1_119' title='bbox 541 1030 854 1068; x_wconf 72' lang='lat' dir='ltr'>Themistoclem.</span> <span class='ocrx_word' id='word_1_120' title='bbox 895 1028 968 1066; x_wconf 81' lang='lat' dir='ltr'>Est</span> <span class='ocrx_word' id='word_1_121' title='bbox 983 1029 1086 1066; x_wconf 86' lang='lat' dir='ltr'>enim</span> <span class='ocrx_word' id='word_1_122' title='bbox 1104 1028 1254 1066; x_wconf 84' lang='lat' dir='ltr'>bellum</span> 
     </span>
     <span class='ocr_line' id='line_1_18' title="bbox 126 1083 1256 1136; baseline -0.001 -16"><span class='ocrx_word' id='word_1_123' title='bbox 126 1091 280 1134; x_wconf 87' lang='lat' dir='ltr'>gestum</span> <span class='ocrx_word' id='word_1_124' title='bbox 298 1084 453 1122; x_wconf 68' lang='lat' dir='ltr'>consilio</span> <span class='ocrx_word' id='word_1_125' title='bbox 478 1087 629 1123; x_wconf 65' lang='lat' dir='ltr'>senatus</span> <span class='ocrx_word' id='word_1_126' title='bbox 654 1084 750 1134; x_wconf 85' lang='lat' dir='ltr'>ejus,</span> <span class='ocrx_word' id='word_1_127' title='bbox 780 1083 849 1136; x_wconf 90' lang='lat' dir='ltr'>qui</span> <span class='ocrx_word' id='word_1_128' title='bbox 867 1096 890 1121; x_wconf 86' lang='lat' dir='ltr'>a</span> <span class='ocrx_word' id='word_1_129' title='bbox 908 1083 1048 1122; x_wconf 88' lang='lat' dir='ltr'>Solone</span> <span class='ocrx_word' id='word_1_130' title='bbox 1066 1089 1146 1120; x_wconf 88' lang='lat' dir='ltr'>erat</span> <span class='ocrx_word' id='word_1_131' title='bbox 1165 1094 1256 1120; x_wconf 84' lang='lat' dir='ltr'>con-</span> 
     </span>
     <span class='ocr_line' id='line_1_19' title="bbox 126 1136 294 1176; baseline 0 -1"><span class='ocrx_word' id='word_1_132' title='bbox 126 1136 294 1176; x_wconf 88' lang='lat' dir='ltr'>stitutus.</span> 
     </span>
    </p>

    <p class='ocr_par' dir='ltr' id='par_1_3' title="bbox 107 1190 1262 2103">
     <span class='ocr_line' id='line_1_20' title="bbox 178 1190 1253 1244; baseline -0.001 -15"><span class='ocrx_word' id='word_1_133' title='bbox 178 1191 290 1230; x_wconf 86' lang='lat' dir='ltr'>Licet</span> <span class='ocrx_word' id='word_1_134' title='bbox 322 1192 456 1231; x_wconf 87' lang='lat' dir='ltr'>eadem</span> <span class='ocrx_word' id='word_1_135' title='bbox 484 1193 533 1231; x_wconf 88' lang='lat' dir='ltr'>de</span> <span class='ocrx_word' id='word_1_136' title='bbox 565 1193 761 1231; x_wconf 60' lang='lat' dir='ltr'>Pausania</span> <span class='ocrx_word' id='word_1_137' title='bbox 793 1192 1074 1244; x_wconf 83' lang='lat' dir='ltr'>Lysandroque</span> <span class='ocrx_word' id='word_1_138' title='bbox 1101 1190 1253 1237; x_wconf 41' lang='lat' dir='ltr'>dicer&amp;</span> 
     </span>
     <span class='ocr_line' id='line_1_21' title="bbox 125 1244 1255 1299; baseline 0 -16"><span class='ocrx_word' id='word_1_139' title='bbox 125 1258 293 1296; x_wconf 89' lang='lat' dir='ltr'>quorum</span> <span class='ocrx_word' id='word_1_140' title='bbox 310 1248 423 1285; x_wconf 89' lang='lat' dir='ltr'>rebus</span> <span class='ocrx_word' id='word_1_141' title='bbox 442 1248 556 1299; x_wconf 85' lang='lat' dir='ltr'>gestis</span> <span class='ocrx_word' id='word_1_142' title='bbox 570 1260 809 1299; x_wconf 87' lang='lat' dir='ltr'>quamquam</span> <span class='ocrx_word' id='word_1_143' title='bbox 828 1247 1035 1298; x_wconf 85' lang='lat' dir='ltr'>imperium</span> <span class='ocrx_word' id='word_1_144' title='bbox 1053 1244 1255 1294; x_wconf 86' lang='lat' dir='ltr'>[Lacedae-</span> 
     </span>
     <span class='ocr_line' id='line_1_22' title="bbox 126 1299 1257 1353; baseline 0 -16"><span class='ocrx_word' id='word_1_145' title='bbox 126 1300 272 1352; x_wconf 85' lang='lat' dir='ltr'>monis]</span> <span class='ocrx_word' id='word_1_146' title='bbox 304 1300 508 1339; x_wconf 86' lang='lat' dir='ltr'>dilatatum</span> <span class='ocrx_word' id='word_1_147' title='bbox 534 1309 720 1353; x_wconf 86' lang='lat' dir='ltr'>putatur;</span> <span class='ocrx_word' id='word_1_148' title='bbox 752 1309 880 1339; x_wconf 85' lang='lat' dir='ltr'>tamen</span> <span class='ocrx_word' id='word_1_149' title='bbox 905 1314 954 1338; x_wconf 92' lang='lat' dir='ltr'>ne</span> <span class='ocrx_word' id='word_1_150' title='bbox 979 1300 1144 1337; x_wconf 64' lang='lat' dir='ltr'>minima</span> <span class='ocrx_word' id='word_1_151' title='bbox 1168 1299 1257 1350; x_wconf 88' lang='lat' dir='ltr'>qui-</span> 
     </span>
     <span class='ocr_line' id='line_1_23' title="bbox 125 1353 1257 1407; baseline -0.001 -16"><span class='ocrx_word' id='word_1_152' title='bbox 125 1353 215 1392; x_wconf 88' lang='lat' dir='ltr'>dem</span> <span class='ocrx_word' id='word_1_153' title='bbox 240 1368 289 1393; x_wconf 78' lang='lat' dir='ltr'>ex</span> <span class='ocrx_word' id='word_1_154' title='bbox 313 1362 421 1407; x_wconf 83' lang='lat' dir='ltr'>parte</span> <span class='ocrx_word' id='word_1_155' title='bbox 446 1356 617 1406; x_wconf 88' lang='lat' dir='ltr'>Lycurgi</span> <span class='ocrx_word' id='word_1_156' title='bbox 646 1356 797 1407; x_wconf 85' lang='lat' dir='ltr'>legibus</span> <span class='ocrx_word' id='word_1_157' title='bbox 822 1362 860 1393; x_wconf 86' lang='lat' dir='ltr'>et</span> <span class='ocrx_word' id='word_1_158' title='bbox 889 1354 1100 1406; x_wconf 84' lang='lat' dir='ltr'>disciplinae</span> <span class='ocrx_word' id='word_1_159' title='bbox 1129 1353 1257 1391; x_wconf 86' lang='lat' dir='ltr'>confe-</span> 
     </span>
     <span class='ocr_line' id='line_1_24' title="bbox 125 1407 1258 1460; baseline 0 -15"><span class='ocrx_word' id='word_1_160' title='bbox 125 1407 235 1446; x_wconf 88' lang='lat' dir='ltr'>rendi</span> <span class='ocrx_word' id='word_1_161' title='bbox 262 1416 363 1447; x_wconf 82' lang='lat' dir='ltr'>sunt.</span> <span class='ocrx_word' id='word_1_162' title='bbox 428 1409 669 1458; x_wconf 85' lang='lat' dir='ltr'>Quinetiam,</span> <span class='ocrx_word' id='word_1_163' title='bbox 690 1411 740 1448; x_wconf 89' lang='lat' dir='ltr'>ob</span> <span class='ocrx_word' id='word_1_164' title='bbox 758 1410 829 1448; x_wconf 89' lang='lat' dir='ltr'>has</span> <span class='ocrx_word' id='word_1_165' title='bbox 846 1409 947 1460; x_wconf 87' lang='lat' dir='ltr'>ipsas</span> <span class='ocrx_word' id='word_1_166' title='bbox 966 1421 1112 1455; x_wconf 84' lang='lat' dir='ltr'>causas,</span> <span class='ocrx_word' id='word_1_167' title='bbox 1132 1415 1170 1445; x_wconf 93' lang='lat' dir='ltr'>et</span> <span class='ocrx_word' id='word_1_168' title='bbox 1187 1421 1258 1458; x_wconf 84' lang='lat' dir='ltr'>pa-</span> 
     </span>
     <span class='ocr_line' id='line_1_25' title="bbox 107 1462 1259 1514; baseline 0.001 -16"><span class='ocrx_word' id='word_1_169' title='bbox 107 1494 110 1495; x_wconf 19' lang='lat'><em>⁷</em></span> <span class='ocrx_word' id='word_1_170' title='bbox 125 1462 307 1501; x_wconf 83' lang='lat' dir='ltr'>rentiores</span> <span class='ocrx_word' id='word_1_171' title='bbox 319 1462 539 1502; x_wconf 89' lang='lat' dir='ltr'>habuerunt</span> <span class='ocrx_word' id='word_1_172' title='bbox 558 1464 758 1511; x_wconf 77' lang='lat' dir='ltr'>exercitus,</span> <span class='ocrx_word' id='word_1_173' title='bbox 779 1471 817 1502; x_wconf 85' lang='lat' dir='ltr'>et</span> <span class='ocrx_word' id='word_1_174' title='bbox 834 1463 1017 1502; x_wconf 58' lang='lat' dir='ltr'>fortiores.</span> <span class='ocrx_word' id='word_1_175' title='bbox 1049 1462 1155 1500; x_wconf 82' lang='lat' dir='ltr'>Mihi</span> <span class='ocrx_word' id='word_1_176' title='bbox 1169 1462 1259 1514; x_wconf 88' lang='lat' dir='ltr'>qui-</span> 
     </span>
     <span class='ocr_line' id='line_1_26' title="bbox 125 1515 1254 1569; baseline 0 -16"><span class='ocrx_word' id='word_1_177' title='bbox 125 1515 215 1554; x_wconf 83' lang='lat' dir='ltr'>dem</span> <span class='ocrx_word' id='word_1_178' title='bbox 247 1529 386 1569; x_wconf 79' lang='lat' dir='ltr'>neque,</span> <span class='ocrx_word' id='word_1_179' title='bbox 414 1517 544 1568; x_wconf 84' lang='lat' dir='ltr'>pueris</span> <span class='ocrx_word' id='word_1_180' title='bbox 576 1518 700 1565; x_wconf 90' lang='lat' dir='ltr'>nobis,</span> <span class='ocrx_word' id='word_1_181' title='bbox 737 1517 799 1556; x_wconf 83' lang='lat' dir='ltr'>M.</span> <span class='ocrx_word' id='word_1_182' title='bbox 830 1518 995 1555; x_wconf 87' lang='lat' dir='ltr'>Scaurus</span> <span class='ocrx_word' id='word_1_183' title='bbox 1028 1516 1073 1554; x_wconf 89' lang='lat' dir='ltr'>C.</span> <span class='ocrx_word' id='word_1_184' title='bbox 1107 1516 1254 1563; x_wconf 77' lang='lat' dir='ltr'>Mario,</span> 
     </span>
     <span class='ocr_line' id='line_1_27' title="bbox 125 1570 1257 1622; baseline 0.001 -16"><span class='ocrx_word' id='word_1_185' title='bbox 125 1581 264 1621; x_wconf 85' lang='lat' dir='ltr'>neque,</span> <span class='ocrx_word' id='word_1_186' title='bbox 302 1584 393 1609; x_wconf 90' lang='lat' dir='ltr'>cum</span> <span class='ocrx_word' id='word_1_187' title='bbox 423 1584 661 1610; x_wconf 86' lang='lat' dir='ltr'>versaremur</span> <span class='ocrx_word' id='word_1_188' title='bbox 691 1572 733 1609; x_wconf 90' lang='lat' dir='ltr'>in</span> <span class='ocrx_word' id='word_1_189' title='bbox 764 1571 975 1622; x_wconf 58' lang='lat' dir='ltr'>republica,</span> <span class='ocrx_word' id='word_1_190' title='bbox 1008 1570 1063 1618; x_wconf 80' lang='lat' dir='ltr'>Q.</span> <span class='ocrx_word' id='word_1_191' title='bbox 1091 1570 1257 1608; x_wconf 83' lang='lat' dir='ltr'>Catulus</span> 
     </span>
     <span class='ocr_line' id='line_1_28' title="bbox 126 1622 1258 1676; baseline 0.001 -16"><span class='ocrx_word' id='word_1_192' title='bbox 126 1622 200 1661; x_wconf 85' lang='lat' dir='ltr'>Cn.</span> <span class='ocrx_word' id='word_1_193' title='bbox 222 1625 423 1676; x_wconf 88' lang='lat' dir='ltr'>Pompeio,</span> <span class='ocrx_word' id='word_1_194' title='bbox 460 1626 591 1664; x_wconf 86' lang='lat' dir='ltr'>cedere</span> <span class='ocrx_word' id='word_1_195' title='bbox 620 1625 834 1664; x_wconf 86' lang='lat' dir='ltr'>videbatur.</span> <span class='ocrx_word' id='word_1_196' title='bbox 886 1625 1005 1662; x_wconf 84' lang='lat' dir='ltr'>Parvi</span> <span class='ocrx_word' id='word_1_197' title='bbox 1033 1624 1138 1662; x_wconf 86' lang='lat' dir='ltr'>enim</span> <span class='ocrx_word' id='word_1_198' title='bbox 1166 1632 1258 1662; x_wconf 86' lang='lat' dir='ltr'>sunt</span> 
     </span>
     <span class='ocr_line' id='line_1_29' title="bbox 125 1676 1262 1729; baseline 0.001 -15"><span class='ocrx_word' id='word_1_199' title='bbox 125 1676 217 1714; x_wconf 87' lang='lat' dir='ltr'>foris</span> <span class='ocrx_word' id='word_1_200' title='bbox 236 1690 357 1726; x_wconf 87' lang='lat' dir='ltr'>arma,</span> <span class='ocrx_word' id='word_1_201' title='bbox 386 1678 461 1716; x_wconf 87' lang='lat' dir='ltr'>nisi</span> <span class='ocrx_word' id='word_1_202' title='bbox 485 1686 541 1717; x_wconf 85' lang='lat' dir='ltr'>est</span> <span class='ocrx_word' id='word_1_203' title='bbox 566 1679 768 1718; x_wconf 82' lang='lat' dir='ltr'>consilium</span> <span class='ocrx_word' id='word_1_204' title='bbox 786 1679 904 1717; x_wconf 86' lang='lat' dir='ltr'>domi.</span> <span class='ocrx_word' id='word_1_205' title='bbox 934 1679 1020 1716; x_wconf 82' lang='lat' dir='ltr'>Nec</span> <span class='ocrx_word' id='word_1_206' title='bbox 1040 1678 1129 1729; x_wconf 87' lang='lat' dir='ltr'>plus</span> <span class='ocrx_word' id='word_1_207' title='bbox 1147 1677 1262 1715; x_wconf 77' lang='lat' dir='ltr'>Afri-</span> 
     </span>
     <span class='ocr_line' id='line_1_30' title="bbox 128 1731 1257 1784; baseline 0.002 -16"><span class='ocrx_word' id='word_1_208' title='bbox 128 1742 260 1779; x_wconf 85' lang='lat' dir='ltr'>canuS,</span> <span class='ocrx_word' id='word_1_209' title='bbox 289 1732 492 1782; x_wconf 71' lang='lat' dir='ltr'>singujaris</span> <span class='ocrx_word' id='word_1_210' title='bbox 517 1741 554 1770; x_wconf 86' lang='lat' dir='ltr'>et</span> <span class='ocrx_word' id='word_1_211' title='bbox 583 1733 643 1771; x_wconf 88' lang='lat' dir='ltr'>vir</span> <span class='ocrx_word' id='word_1_212' title='bbox 668 1740 705 1771; x_wconf 89' lang='lat' dir='ltr'>et</span> <span class='ocrx_word' id='word_1_213' title='bbox 728 1733 950 1784; x_wconf 87' lang='lat' dir='ltr'>imperator,</span> <span class='ocrx_word' id='word_1_214' title='bbox 978 1732 1019 1769; x_wconf 89' lang='lat' dir='ltr'>in</span> <span class='ocrx_word' id='word_1_215' title='bbox 1046 1731 1257 1770; x_wconf 68' lang='lat' dir='ltr'>excidenda</span> 
     </span>
     <span class='ocr_line' id='line_1_31' title="bbox 128 1784 1258 1838; baseline 0.002 -16"><span class='ocrx_word' id='word_1_216' title='bbox 128 1784 171 1822; x_wconf 85' lang='lat' dir='ltr'>N</span> <span class='ocrx_word' id='word_1_217' title='bbox 173 1785 348 1824; x_wconf 64' lang='lat' dir='ltr'>amantia</span> <span class='ocrx_word' id='word_1_218' title='bbox 366 1786 585 1836; x_wconf 84' lang='lat' dir='ltr'>reipublicae</span> <span class='ocrx_word' id='word_1_219' title='bbox 606 1786 766 1838; x_wconf 84' lang='lat' dir='ltr'>profuit,</span> <span class='ocrx_word' id='word_1_220' title='bbox 796 1799 916 1837; x_wconf 89' lang='lat' dir='ltr'>quam</span> <span class='ocrx_word' id='word_1_221' title='bbox 934 1786 1068 1824; x_wconf 88' lang='lat' dir='ltr'>eodem</span> <span class='ocrx_word' id='word_1_222' title='bbox 1086 1793 1258 1836; x_wconf 86' lang='lat' dir='ltr'>tempore</span> 
     </span>
     <span class='ocr_line' id='line_1_32' title="bbox 129 1838 1254 1891; baseline 0.002 -16"><span class='ocrx_word' id='word_1_223' title='bbox 129 1838 176 1875; x_wconf 93' lang='lat' dir='ltr'>P.</span> <span class='ocrx_word' id='word_1_224' title='bbox 204 1839 348 1877; x_wconf 82' lang='lat' dir='ltr'>Nasica</span> <span class='ocrx_word' id='word_1_225' title='bbox 374 1840 560 1891; x_wconf 86' lang='lat' dir='ltr'>privatus,</span> <span class='ocrx_word' id='word_1_226' title='bbox 590 1853 680 1878; x_wconf 88' lang='lat' dir='ltr'>cum</span> <span class='ocrx_word' id='word_1_227' title='bbox 704 1840 769 1878; x_wconf 85' lang='lat' dir='ltr'>Ti.</span> <span class='ocrx_word' id='word_1_228' title='bbox 792 1840 1012 1878; x_wconf 83' lang='lat' dir='ltr'>Gracchum</span> <span class='ocrx_word' id='word_1_229' title='bbox 1036 1839 1254 1877; x_wconf 79' lang='lat' dir='ltr'>interemit:</span> 
     </span>
     <span class='ocr_line' id='line_1_33' title="bbox 127 1893 1257 1945; baseline 0.003 -16"><span class='ocrx_word' id='word_1_230' title='bbox 127 1904 367 1944; x_wconf 88' lang='lat' dir='ltr'>quamquam</span> <span class='ocrx_word' id='word_1_231' title='bbox 385 1894 468 1932; x_wconf 85' lang='lat' dir='ltr'>haec</span> <span class='ocrx_word' id='word_1_232' title='bbox 487 1893 644 1945; x_wconf 90' lang='lat' dir='ltr'>quidem</span> <span class='ocrx_word' id='word_1_233' title='bbox 662 1907 721 1932; x_wconf 86' lang='lat' dir='ltr'>res</span> <span class='ocrx_word' id='word_1_234' title='bbox 739 1907 818 1931; x_wconf 89' lang='lat' dir='ltr'>non</span> <span class='ocrx_word' id='word_1_235' title='bbox 837 1894 963 1931; x_wconf 88' lang='lat' dir='ltr'>solum</span> <span class='ocrx_word' id='word_1_236' title='bbox 981 1907 1030 1932; x_wconf 76' lang='lat' dir='ltr'>ex</span> <span class='ocrx_word' id='word_1_237' title='bbox 1048 1893 1257 1932; x_wconf 63' lang='lat' dir='ltr'>domestica</span> 
     </span>
     <span class='ocr_line' id='line_1_34' title="bbox 127 1947 1256 1999; baseline 0.001 -15"><span class='ocrx_word' id='word_1_238' title='bbox 127 1954 183 1984; x_wconf 84' lang='lat' dir='ltr'>est</span> <span class='ocrx_word' id='word_1_239' title='bbox 200 1947 368 1985; x_wconf 63' lang='lat' dir='ltr'>ratione:</span> <span class='ocrx_word' id='word_1_240' title='bbox 391 1947 545 1998; x_wconf 80' lang='lat' dir='ltr'>attingit</span> <span class='ocrx_word' id='word_1_241' title='bbox 565 1948 682 1986; x_wconf 85' lang='lat' dir='ltr'>etiam</span> <span class='ocrx_word' id='word_1_242' title='bbox 699 1948 892 1994; x_wconf 75' lang='lat' dir='ltr'>bellicam,</span> <span class='ocrx_word' id='word_1_243' title='bbox 912 1947 1096 1999; x_wconf 85' lang='lat' dir='ltr'>quoniam</span> <span class='ocrx_word' id='word_1_244' title='bbox 1115 1947 1154 1985; x_wconf 89' lang='lat' dir='ltr'>vi</span> <span class='ocrx_word' id='word_1_245' title='bbox 1170 1960 1256 1985; x_wconf 87' lang='lat' dir='ltr'>ma-</span> 
     </span>
     <span class='ocr_line' id='line_1_35' title="bbox 127 2000 1254 2053; baseline 0.002 -16"><span class='ocrx_word' id='word_1_246' title='bbox 127 2012 259 2051; x_wconf 90' lang='lat' dir='ltr'>nuque</span> <span class='ocrx_word' id='word_1_247' title='bbox 278 2000 448 2039; x_wconf 78' lang='lat' dir='ltr'>confecta</span> <span class='ocrx_word' id='word_1_248' title='bbox 472 2010 552 2039; x_wconf 68' lang='lat' dir='ltr'>oet:</span> <span class='ocrx_word' id='word_1_249' title='bbox 583 2001 650 2039; x_wconf 87' lang='lat' dir='ltr'>sed</span> <span class='ocrx_word' id='word_1_250' title='bbox 667 2008 797 2039; x_wconf 87' lang='lat' dir='ltr'>tamen</span> <span class='ocrx_word' id='word_1_251' title='bbox 814 2002 855 2040; x_wconf 92' lang='lat' dir='ltr'>id</span> <span class='ocrx_word' id='word_1_252' title='bbox 873 2002 1003 2053; x_wconf 86' lang='lat' dir='ltr'>ipsum</span> <span class='ocrx_word' id='word_1_253' title='bbox 1020 2009 1172 2053; x_wconf 61' lang='lat' dir='ltr'>gestum</span> <span class='ocrx_word' id='word_1_254' title='bbox 1199 2009 1254 2039; x_wconf 87' lang='lat' dir='ltr'>est</span> 
     </span>
     <span class='ocr_line' id='line_1_36' title="bbox 127 2054 764 2103; baseline 0.003 -12"><span class='ocrx_word' id='word_1_255' title='bbox 127 2054 282 2092; x_wconf 86' lang='lat' dir='ltr'>consilio</span> <span class='ocrx_word' id='word_1_256' title='bbox 302 2056 463 2103; x_wconf 84' lang='lat' dir='ltr'>urbano,</span> <span class='ocrx_word' id='word_1_257' title='bbox 484 2054 564 2093; x_wconf 85' lang='lat' dir='ltr'>sine</span> <span class='ocrx_word' id='word_1_258' title='bbox 583 2055 764 2094; x_wconf 80' lang='lat' dir='ltr'>exercitu.</span> 
     </span>
    </p>

    <p class='ocr_par' dir='ltr' id='par_1_4' title="bbox 126 2108 1255 2214">
     <span class='ocr_line' id='line_1_37' title="bbox 183 2108 1255 2162; baseline 0.003 -17"><span class='ocrx_word' id='word_1_259' title='bbox 183 2108 291 2146; x_wconf 88' lang='lat' dir='ltr'>Illud</span> <span class='ocrx_word' id='word_1_260' title='bbox 316 2116 447 2147; x_wconf 88' lang='lat' dir='ltr'>autem</span> <span class='ocrx_word' id='word_1_261' title='bbox 472 2109 665 2161; x_wconf 88' lang='lat' dir='ltr'>optimum</span> <span class='ocrx_word' id='word_1_262' title='bbox 691 2117 761 2156; x_wconf 57' lang='lat' dir='ltr'>ost,</span> <span class='ocrx_word' id='word_1_263' title='bbox 787 2110 828 2148; x_wconf 87' lang='lat' dir='ltr'>in</span> <span class='ocrx_word' id='word_1_264' title='bbox 854 2109 959 2162; x_wconf 89' lang='lat' dir='ltr'>quod</span> <span class='ocrx_word' id='word_1_265' title='bbox 983 2109 1115 2149; x_wconf 87' lang='lat' dir='ltr'>invadi</span> <span class='ocrx_word' id='word_1_266' title='bbox 1137 2109 1255 2148; x_wconf 87' lang='lat' dir='ltr'>solere</span> 
     </span>
     <span class='ocr_line' id='line_1_38' title="bbox 126 2162 754 2214; baseline -0.002 -11"><span class='ocrx_word' id='word_1_267' title='bbox 126 2163 176 2203; x_wconf 77' lang='lat' dir='ltr'>ab</span> <span class='ocrx_word' id='word_1_268' title='bbox 192 2162 379 2214; x_wconf 82' lang='lat' dir='ltr'>improbis</span> <span class='ocrx_word' id='word_1_269' title='bbox 398 2170 436 2202; x_wconf 77' lang='lat' dir='ltr'>et</span> <span class='ocrx_word' id='word_1_270' title='bbox 453 2163 593 2202; x_wconf 87' lang='lat' dir='ltr'>invidis</span> <span class='ocrx_word' id='word_1_271' title='bbox 612 2163 728 2202; x_wconf 87' lang='lat' dir='ltr'>audio</span> <span class='ocrx_word' id='word_1_272' title='bbox 743 2177 754 2201; x_wconf 72' lang='grc' dir='ltr'><strong><em>ε</em></strong></span> 
     </span>
    </p>
   </div>
  </div>
 </body>
</html>
