1470 2402
189 116 270 155 288
365 113 444 154 DE
473 112 736 166 OFFICIIS,
749 114 928 156 Luxu.
943 115 1050 157 CAP-
1066 118 1132 156 25.

194 256 196 258 -
240 226 264 265 Ι
265 238 292 265 11
309 224 370 263 his
387 231 519 263 autem
536 223 750 263 utilitatum
774 224 985 278 praeceptis,
1003 225 1213 278 Antipater
1225 224 1312 277 Ty-

185 280 279 329 rius,
307 280 472 326 Stoicus,
501 278 586 331 (qui
604 279 772 318 Athenis
790 292 914 332 nuper
938 288 995 319 est
1011 287 1206 329 mortuus)
1229 280 1309 319 duo

187 335 377 388 praeterita
396 341 520 372 censet
538 347 616 372 esse
635 347 658 371 a
684 333 870 383 Panaetio,
890 335 1119 374 valetudinis
1143 335 1307 374 curatio-

182 402 273 428 nem
293 398 330 428 et
348 388 542 441 pecuniae:
575 400 670 439 quas
688 401 746 426 res
761 402 783 426 a
798 401 950 428 summo
968 389 1195 441 philosopho
1208 402 1308 440 prae·

183 444 312 483 teritas
330 443 505 487 arbitror
519 442 622 494 quod
641 451 764 481 essent
777 443 930 482 faciles:
961 452 1052 482 sunt
1065 451 1165 482 certe
1178 443 1304 482 utiles.

185 498 261 538 Sed
281 497 458 537 valetudo
471 504 704 535 sustentatur
726 497 862 536 notitia
881 497 940 536 sui
959 498 1152 550 corporis·
1140 527 1152 544 ‚
1183 506 1221 536 et
1238 498 1307 536 ob-

182 550 405 599 servatione,
427 565 514 602 quae
532 564 590 590 res
609 559 676 590 aut
693 552 869 603 prodesse
882 553 1040 599 soleant,
1061 560 1129 591 aut
1142 553 1272 591 obesse
1287 565 1302 599 ς

181 615 220 646 et
252 606 484 646 continentia
513 605 553 643 in
586 606 689 643 victu
715 606 821 644 omni
849 614 965 658 atque
991 607 1111 654 cultu,
1138 605 1304 658 corporis

180 661 314 700 tuendi
326 661 440 700 causa
457 674 468 706 3
499 668 536 698 et
549 660 882 712 praetermittendis
900 661 1160 712 voluptatibus
1173 675 1186 706 3
1215 673 1304 712 pos-

179 722 316 764 tremo,
338 723 417 754 arte
441 727 586 762 eorum,
609 727 775 766 quorum
794 714 843 752 ad
869 715 1066 754 scientiam
1084 715 1167 753 haec
1186 715 1303 767 perti-

177 777 283 809 nent.
329 770 408 809 Res
434 777 563 807 autem
588 768 787 807 familiaris
805 769 926 820 quaeri
944 768 1084 808 debet
1073 769 1120 807 lis
1138 771 1251 808 rebus
1278 782 1303 808 a

178 825 321 877 quibus
345 826 450 863 abaet
475 822 687 875 turpitudo,
708 823 920 862 conservari
945 830 1075 862 autem
1100 822 1302 874 diligentia

178 887 215 918 et
233 876 491 931 parcimonia,
522 878 657 916 iisdem
677 877 792 916 etiam
812 879 925 916 rebus
944 877 1087 929 augeri.
1129 877 1215 916 Has
1239 891 1299 917 τω

175 933 482 972 commodissime
509 932 728 984 Xenophon
758 932 970 971 Socraticus
996 939 1216 983 persecutus
1244 939 1301 971 aet

174 988 215 1026 in
235 1001 279 1027 eo
297 989 408 1035 libro,
430 988 498 1040 qui
528 990 556 1009 “
579 986 879 1026 OEconomicus”
906 986 1150 1033 inscribitur3
1181 999 1300 1038 quem

174 1054 258 1090 nos,
279 1041 351 1082 ista
369 1043 446 1080 fere
465 1049 575 1080 aetate
594 1054 682 1080 curn
703 1053 882 1088 essemus,
911 1041 990 1093 qua
1014 1053 1052 1080 ω
1071 1047 1115 1079 tu
1133 1053 1251 1091 nunc,
1278 1053 1300 1080 e

175 1097 311 1135 Graeco
329 1097 370 1135 in
390 1096 577 1135 Latinum
598 1096 864 1134 convertimus.

228 1149 366 1190 XXV.
396 1149 472 1189 Sed
496 1147 709 1188 utilitatum
740 1149 972 1200 comparatio
1002 1150 1204 1201 (quoniam
1233 1149 1298 1189 hic

173 1205 282 1244 locus
299 1213 379 1256 erat
398 1212 557 1256 quartus
577 1217 599 1242 a
619 1203 790 1242 Panaetio
809 1204 1100 1254 praetermissus)
1121 1217 1221 1256 saepe
1240 1212 1296 1243 αεὶ

171 1259 391 1298 necessaria.
422 1259 529 1297 Nam
548 1266 585 1296 et
603 1257 776 1319 corporis·
787 1258 990 1296 commoda
1007 1271 1096 1296 cum
1112 1259 1293 1319 externis,

171 1321 210 1352 et
228 1322 383 1352 externa
401 1325 491 1351 cum
511 1312 689 1364 corporis,
710 1320 748 1350 et
766 1312 862 1373 ipsa·
866 1312 965 1350 inter
991 1325 1029 1350 se
1054 1312 1234 1364 corporis,
1256 1320 1295 1351 et

171 1376 328 1407 externa
346 1380 436 1406 cum
455 1366 633 1412 externis,
654 1366 865 1418 comparari
883 1367 1016 1404 solent.
1047 1366 1150 1405 Cum
1170 1374 1295 1405 exter-

167 1422 241 1469 nis,
255 1421 421 1473 corporis
432 1421 504 1460 hoc
516 1421 632 1458 modo
647 1428 935 1472 comparantur:
954 1420 1094 1459 Valere
1106 1428 1150 1459 ut
1163 1421 1292 1470 malis,

171 1489 291 1528 quam
309 1476 414 1514 dives
433 1488 521 1513 esse.
553 1475 655 1513 Cum
675 1475 840 1526 corporis
859 1482 1028 1521 externa,
1056 1475 1128 1513 hoc
1146 1475 1262 1515 modo
1278 1491 1289 1514 :

167 1530 289 1569 Dives
317 1543 396 1568 esse
421 1530 562 1581 potius,
590 1542 708 1580 quam
739 1529 920 1567 maximis
945 1529 1110 1580 corporis
1135 1528 1292 1569 viribus.

169 1585 263 1637 Ipsa
279 1585 379 1623 inter
404 1597 443 1622 se
469 1583 633 1635 corporis
652 1584 728 1622 sicz
760 1592 805 1622 ut
828 1584 941 1622 Bona
961 1583 1138 1622 valetudo
1157 1584 1294 1637 volup-

166 1639 237 1678 tati
251 1646 518 1690 anteponatur,
532 1638 628 1676 vires
643 1638 834 1676 celeritati„
867 1637 1129 1676 Externorum
1144 1646 1290 1688 autem,

167 1701 212 1732 ut
232 1693 366 1731 Gloria
384 1692 538 1739 divitiis,
559 1692 759 1743 vectigalia
776 1693 924 1730 urbana
942 1692 1102 1731 rusticis.
1130 1692 1196 1731 Ex
1212 1706 1290 1745 quo

164 1760 302 1800 genere
321 1746 626 1799 comparationis,
646 1746 745 1784 illud
765 1754 820 1785 est
839 1746 996 1785 Catonis
1015 1747 1139 1791 senis;
1169 1760 1193 1785 a
1211 1761 1290 1799 quo

164 1815 255 1842 cum
274 1808 519 1854 quaereretur,
541 1801 635 1852 quid
653 1801 824 1839 maxime
841 1801 883 1839 in
908 1814 948 1839 re
972 1800 1153 1839 familiari
1172 1814 1289 1853 expe-

164 1857 276 1904 diret,
310 1855 517 1907 respondit,
558 1856 667 1894 Bene
694 1868 855 1916 pascere.
904 1854 1013 1902 Quid
1039 1855 1276 1895 secundum.
1267 1858 1286 1884 ⁹

164 1911 265 1949 Satis
293 1911 390 1948 bene
418 1922 580 1961 pascere.
622 1909 730 1957 Quid
760 1909 948 1948 tertium?
978 1908 1088 1947 Male
1120 1922 1284 1961 pascere.

163 1964 274 2012 Quid
299 1965 511 2015 quartum?
541 1964 677 2002 Arare.
713 1964 782 2011 Et,
809 1976 896 2002 cum
926 1963 1006 2009 ille,
1033 1963 1100 2015 qui
1126 1964 1285 2015 quaesie-

162 2026 236 2065 rat,
265 2018 435 2063 dixisset,
484 2017 593 2065 Quid
621 2017 819 2057 foenerari.
811 2020 828 2045 '³
867 2025 953 2056 tum
984 2017 1094 2065 Cato,
1126 2021 1154 2040 “
1175 2017 1285 2066 Quid

161 2072 404 2116 hominemss’
423 2072 563 2123 inquit,
596 2074 624 2094 ‘⁶
640 2072 830 2111 occidere.
821 2072 868 2097 ⁹''
896 2071 962 2110 Ex
981 2085 1073 2124 quo,
1095 2079 1132 2110 et
1149 2072 1284 2112 multis

159 2125 256 2173 aliis,
284 2125 447 2177 intelligi
471 2125 597 2173 debet,
625 2126 836 2165 utilitatum
869 2126 1169 2179 comparationes
1199 2125 1283 2165 fieri

158 2181 291 2227 solere,
310 2187 485 2240 recteque
503 2179 576 2219 hoc
593 2179 823 2230 adjunctum
841 2193 921 2221 esse
943 2188 1127 2234 quartum
1144 2180 1282 2234 exqui-

157 2233 365 2275 rendorum
383 2231 595 2274 officiorum
614 2246 748 2288 genus.
1056 2274 1060 2281 ,
