1470 2402
160 93 239 130 226
322 92 404 132 DE
433 92 695 144 OFFICIIS,
725 94 825 133 Lus.
850 94 884 133 1.
915 94 1020 134 CAP.
1039 97 1106 135 23.

211 223 241 245 ‘⁶
256 221 405 262 Cedant
422 235 530 262 arma
547 230 670 275 togaez
700 222 880 263 concedat
896 223 1027 262 laurea
1047 221 1237 276 [laudi.”]

156 309 213 348 Ut
237 308 341 347 enim
359 310 452 349 alios
477 311 667 358 omittam,
697 310 808 349 nobis
831 309 1109 361 rempublicam
1134 311 1274 360 guber-

155 363 349 411 nantibus,
378 377 504 402 nonne
523 372 621 415 togae
638 377 746 402 arma
763 366 936 403 cessere?
965 376 1090 415 neque
1112 363 1216 401 enim
1233 363 1274 401 in

154 417 351 478 republica
368 419 581 469 periculum
599 418 675 456 fuit
691 418 844 469 gravius
862 430 1050 469 unquam,
1066 429 1135 455 nec
1149 417 1276 466 majus

154 472 291 509 otium.
346 472 409 510 Ita
422 473 585 510 consiliis
604 472 878 523 diligentiaque
897 471 1026 510 nostra
1043 470 1211 509 celeriter
1228 470 1277 509 de

153 525 332 563 manibus
357 525 696 565 audacissimorum
721 525 862 564 civium
887 525 1041 577 delapsa
1063 537 1170 563 arma
1193 524 1278 576 ipsa

153 579 381 617 ceciderunt.
429 580 530 628 Quae
554 593 612 618 res
636 580 754 631 igitur
777 587 883 631 gesta
907 591 1081 630 unquam
1110 579 1151 616 in
1175 577 1277 616 bello

154 633 285 671 tanta?
301 633 369 684 qui
383 633 601 685 triumphus
616 633 895 672 conferendus?
924 633 1034 671 Licet
1047 632 1150 671 enim
1163 632 1276 681 mihi,

154 686 290 725 BIarce
315 687 385 735 1111,
413 688 517 739 apud
541 695 578 725 te
604 687 771 738 gloriari,
797 687 847 725 ad
871 699 989 739 quem
1014 694 1051 725 et
1076 685 1277 724 haereditas

152 740 271 790 hujus
297 741 441 791 gloriae,
472 749 509 780 et
533 741 721 780 factorum
744 741 922 789 imitatio,
950 741 1124 792 pertinet.
1171 739 1278 777 Mihi

154 794 311 845 quidem
349 802 446 832 certe
477 795 535 833 vir
567 795 766 833 abundans
797 795 942 833 bellicis
973 794 1168 842 laudibus,
1198 793 1274 831 Cn.

156 848 378 900 Pompeius,
408 849 541 887 multis
569 848 826 897 audientibus,
859 849 932 887 hoc
960 848 1109 896 tribuit,
1142 854 1188 885 ut
1218 846 1278 884 di-

153 910 268 950 ceret,
296 902 438 941 frustra
467 916 506 941 se
535 903 779 954 triumphum
804 903 961 941 tertium
987 902 1277 953 deportaturum

155 956 285 1003 fuisse,
323 957 410 1005 nisi,
449 969 536 995 meo
578 957 619 994 in
659 957 937 1008 rempublicam
972 955 1171 1004 beneficio,
1208 955 1280 993 ubi

153 1010 422 1060 triumpharet,
450 1022 545 1049 esset
568 1010 781 1049 habiturus.
824 1011 925 1049 Sunt
949 1023 1038 1061 ergo
1063 1009 1280 1047 domesticae

153 1063 395 1102 fortitudines
427 1077 504 1102 non
536 1064 732 1103 inferiores
763 1064 1020 1110 militaribus;
1059 1063 1101 1101 in
1138 1063 1280 1114 quibus

153 1117 241 1168 plus
261 1118 391 1167 etiam,
412 1131 531 1170 quam
548 1118 589 1156 in
607 1118 681 1167 his,
703 1131 826 1170 operae
845 1117 1039 1169 studiique
1055 1116 1279 1168 ponendum

154 1178 223 1210 est.

207 1224 378 1264 XXIII.
408 1224 582 1265 Omnino
599 1225 699 1263 illud
714 1225 934 1273 honestum,
958 1223 1063 1277 quod
1081 1237 1129 1263 ex
1148 1223 1279 1263 animo

153 1279 301 1317 excelso
319 1279 600 1331 magnificoque
618 1279 840 1331 quaerimus,
860 1279 980 1317 animi
998 1278 1173 1327 efficitur,
1199 1290 1278 1316 non

151 1333 332 1383 corporiS,
362 1334 518 1372 viribus.
557 1333 831 1371 Exercendum
849 1341 979 1371 tamen
997 1345 1147 1384 corpus,
1168 1339 1206 1370 et
1223 1332 1280 1370 ita

152 1386 398 1425 afficiendum
423 1396 493 1435 est,
520 1395 565 1426 ut
588 1387 739 1426 obedire
758 1387 913 1425 consilio
930 1386 1144 1438 rationique
1160 1385 1280 1437 possit

152 1439 194 1478 in
214 1441 464 1492 exsequendis
481 1441 655 1492 negotiis,
684 1448 722 1479 et
739 1440 780 1478 in
798 1441 927 1479 labore
943 1440 1150 1479 tolerando.
1192 1439 1279 1477 Ho-

152 1502 306 1532 nestum
325 1502 456 1533 autem
473 1494 527 1542 id,
547 1495 653 1546 quod
671 1494 924 1546 exquirimus,
944 1501 1070 1540 totum
1096 1500 1152 1532 est
1175 1493 1279 1544 posi-

151 1554 238 1586 tum
262 1548 304 1585 in
322 1549 442 1586 animi
466 1549 559 1587 cura
577 1556 614 1587 et
632 1548 881 1600 cogitatione,
870 1561 882 1571 ·
902 1548 942 1585 in
961 1560 1040 1599 quo
1057 1560 1136 1586 non
1153 1547 1279 1585 mino-

152 1614 235 1639 rem
261 1602 468 1642 utilitatem
494 1603 673 1651 afferunt,
700 1602 768 1653 qui
793 1601 913 1653 togati
936 1601 1157 1653 reipublicae
1180 1614 1279 1653 prae-

151 1663 257 1704 sunt,
271 1669 390 1707 quam
408 1657 477 1708 qui
495 1656 642 1694 bellum
660 1663 810 1707 gerunt.
858 1655 1012 1707 Itaque,
1037 1667 1170 1693 eorum
1189 1667 1278 1693 con-

150 1708 237 1747 silio
255 1723 368 1761 saepe,
393 1719 460 1748 aut
478 1721 554 1748 non
574 1718 760 1761 suscepta,
780 1717 848 1748 aut
866 1709 1036 1748 confecta
1053 1709 1155 1747 bella
1173 1715 1278 1756 sunt,

151 1774 435 1815 nonnunquam
461 1765 576 1803 etiam
601 1763 733 1809 illata;
763 1772 821 1811 ut,
850 1763 913 1801 Μ.
930 1762 1102 1811 Catonis,
1130 1762 1278 1800 bellum

152 1817 308 1855 tertium
328 1817 549 1856 Punicum·
537 1846 549 1863 ‚
579 1817 620 1854 in
643 1829 721 1869 quo
746 1817 862 1855 etiam
889 1816 1033 1854 mortui
1050 1815 1172 1854 valuit
1188 1827 1278 1853 anc-

152 1870 295 1909 toritas.
336 1871 468 1919 Quare
493 1871 706 1923 expetenda
730 1871 888 1922 quidem
913 1870 1036 1921 magis
1065 1876 1122 1908 est
1149 1869 1277 1907 decer-

151 1924 268 1962 nendi
287 1925 396 1973 ratio,
425 1938 544 1976 quam
569 1924 786 1963 decertandi
810 1924 1020 1962 fortitudo:
1052 1923 1118 1962 sed
1142 1934 1278 1961 caven-

152 1977 264 2025 dum,
294 1990 343 2016 ne
360 1978 400 2016 id
418 1978 587 2017 bellandi
605 1978 728 2030 magis
747 1978 856 2029 fuga,
886 1990 1005 2029 quam
1023 1976 1198 2015 utilitatis
1215 1988 1276 2014 ra-

153 2031 270 2077 tione,
292 2031 489 2070 faciamus.

206 2084 364 2122 Bellum
384 2095 515 2124 autem
540 2085 594 2124 ita
618 2085 859 2136 suscipiatur,
879 2091 924 2122 ut
941 2083 1039 2122 nihil
1064 2082 1184 2130 aliud,
1204 2082 1277 2121 nisi

152 2151 230 2189 pax
255 2139 415 2189 quaesita
438 2139 621 2178 videatur.
663 2138 796 2179 ⁴Fortis
815 2150 903 2177 vero
921 2145 958 2178 et
976 2136 1182 2177 constantis
1206 2144 1278 2184 est,
