1470 2402
213 65 265 102 44
310 63 389 104 DE
418 62 837 114 DIVINATIONE,
858 63 957 103 Lm.
979 64 1014 105 1.
1036 63 1141 104 Cn.
1163 66 1229 105 50.

209 172 326 211 etiam
343 173 481 222 multa,
500 172 772 225 praesentiunt:
803 173 868 211 sed
893 172 1042 212 nullam
1069 184 1203 212 eorum
1226 171 1323 212 divi-

207 227 401 265 nationem
418 240 526 276 voco,
545 240 593 266 ne
606 227 713 265 inam
733 227 904 278 quidem,
924 227 1002 279 qua
1016 228 1064 266 ab
1076 226 1322 266 Anaximan-

206 279 275 318 dro
294 281 451 333 physico
469 282 606 320 moniti
625 281 906 320 Lacedaemonii
925 288 1028 330 sunt,
1059 287 1104 319 ut
1127 282 1265 319 urbem
1283 289 1323 320 et

205 340 305 373 tecta
322 335 552 387 linquerent,
572 335 785 387 armatique
801 336 842 374 in
856 348 947 387 agro
959 337 1202 382 excubarent,
1216 335 1322 387 quod

206 398 316 427 terrae
334 398 460 428 motus
479 390 648 437 instaret,
668 398 767 437 tum,
788 403 877 428 eum
900 398 937 428 et
958 391 1050 428 urbs
1068 396 1148 427 tota
1165 389 1321 438 corruit,

206 450 244 480 et
263 455 310 481 ex
329 452 459 482 monte
483 444 659 495 Taygeto
687 452 858 482 extrema
879 443 1020 482 montis
1046 443 1156 495 quasi
1180 443 1323 495 puppis

205 497 338 535 avulsa
366 506 432 536 est.
480 498 544 536 Ne
563 498 798 549 Pherecydes
816 498 972 549 quidem
991 497 1069 544 ine,
1091 496 1322 548 Pythagorae

204 551 398 602 magister,
425 552 551 603 potius
569 551 719 590 divinus
738 552 954 598 habebitur,
975 564 1093 603 quam
1111 550 1319 602 physicu53

204 604 273 655 qui
290 617 378 643 cum
398 606 550 644 vidisset
568 606 746 644 haustam
769 618 910 658 aquam
929 605 976 644 de
990 605 1077 657 jugi
1093 612 1225 657 pute0‚
1246 611 1322 644 ter-

205 671 257 696 rae
276 666 402 697 motus
421 659 518 697 dixit
536 659 686 698 instare.

255 713 340 751 Nec
359 726 446 752 vero
464 726 638 765 unquam
663 713 813 752 animus
830 711 998 752 hominis
1014 711 1238 751 naturaliter
1255 711 1316 750 di-

202 765 321 815 vinat,
341 767 415 805 nisi
433 780 521 805 cum
540 767 593 805 ita
612 768 757 806 solutus
785 775 840 806 est
859 774 896 805 et
914 779 1070 814 vacuus,
1090 773 1135 804 ut
1152 766 1187 804 ei
1205 766 1323 827 plane

202 820 299 858 1111111
325 821 372 858 sit
397 834 485 859 cum
515 834 692 873 corpore·
724 821 827 872 quod
851 828 920 860 aut
945 821 1095 859 vatibus
1117 819 1319 871 contingit,

200 882 268 911 aut
287 874 572 914 dormientibus.
604 876 741 927 Itaque
760 889 803 913 ea
817 875 894 913 duo
908 887 1046 926 genera
1057 887 1080 912 a
1093 873 1318 913 Dicaearcho

201 929 426 978 probantur,
453 936 490 967 et
518 932 579 972 (ut
603 929 700 976 dixi)
719 942 742 967 a
760 929 944 980 Cratippo
967 936 1121 973 nostro;
1151 927 1183 966 si
1200 940 1318 980 prop-

201 989 302 1020 terea
330 983 432 1034 quod
457 996 500 1022 ea
523 983 810 1034 proficiscuntur
836 996 860 1021 a
884 983 1035 1030 natura,
1061 982 1137 1021 sint
1165 994 1321 1023 summa

200 1048 304 1085 sane,
325 1037 441 1075 modo
460 1050 508 1075 ne
520 1037 609 1075 sola.
640 1037 707 1076 Sin
727 1044 855 1075 autem
874 1036 971 1074 nihil
990 1049 1068 1075 esse
1086 1036 1127 1074 in
1141 1037 1318 1074 observa-

199 1089 302 1128 tione
320 1098 471 1143 putant,
492 1090 616 1129 multa
634 1091 788 1139 tollunt,
819 1090 959 1142 quibus
977 1090 1064 1128 vitae
1082 1089 1177 1128 ratio
1195 1091 1317 1128 conti-

199 1152 322 1182 netur.
363 1144 452 1191 Sed,
480 1145 661 1196 quoniam
685 1145 778 1183 dant
803 1144 961 1205 aliquid,
982 1143 1098 1195 idque
1125 1155 1202 1182 non
1226 1156 1332 1195 par-

198 1210 307 1245 vum,
336 1199 617 1238 vaticinationes
644 1212 732 1238 cum
761 1198 940 1243 5011111115;
981 1198 1078 1236 1111111
1106 1205 1176 1244 est,
1210 1197 1315 1249 quod

198 1263 288 1290 cum
302 1252 361 1290 his
379 1265 609 1313 magnopere
627 1266 857 1305 pugnemus,
886 1251 1095 1304 praesertim
1114 1263 1203 1290 cum
1221 1251 1312 1301 sint,

197 1306 267 1357 qui
285 1307 440 1345 omnino
459 1307 606 1345 nullam
625 1307 895 1345 divinationem
914 1308 1086 1367 probent.

251 1359 357 1411 Ergo
369 1368 405 1398 et
423 1360 465 1409 ii,
486 1374 651 1412 quorum
669 1361 801 1408 animi,
823 1360 954 1412 spretis
972 1360 1204 1411 corporibus,
1225 1371 1315 1398 evo-

196 1414 280 1452 lant
300 1422 415 1466 atque
434 1423 639 1453 excurrunt
657 1415 804 1464 foras‚a
787 1415 917 1452 ⁴zrdore
935 1414 1065 1466 aliquo
1082 1413 1312 1452 inflammati

197 1475 312 1519 atque
329 1468 488 1518 incitati,
509 1477 668 1507 cernunt
686 1469 753 1507 illa
766 1469 946 1520 profectu,
967 1481 1054 1520 quae
1067 1467 1314 1506 vaticinantes

196 1522 481 1573 praenuntiant:
521 1523 729 1574 multisque
760 1525 872 1561 rebus
900 1522 1188 1560 inflammantur
1218 1521 1312 1560 tales

196 1575 329 1624 animi,
351 1577 419 1628 qui
438 1577 655 1628 corporibus
669 1589 747 1615 non
764 1576 978 1622 inhaerent3
1008 1583 1052 1614 ut
1074 1575 1115 1621 11,
1137 1574 1204 1626 (1111
1219 1586 1313 1613 50110

196 1629 364 1681 quodam
376 1643 512 1669 vocum
525 1638 561 1669 et
576 1631 754 1682 Phrygiis
767 1630 938 1668 cantibus
951 1629 1168 1668 incitantur.
1197 1628 1312 1666 Mul-

193 1690 252 1722 tos
270 1696 425 1723 nemora
442 1685 635 1736 sulvaeque,
655 1685 796 1722 multos
815 1696 946 1722 amnes
963 1692 1030 1722 aut
1051 1683 1187 1731 maria,
1207 1694 1312 1720 com-

192 1746 373 1785 movent3
403 1752 567 1790 quorum
585 1738 792 1776 furibunda
809 1750 918 1776 mens
943 1737 1045 1776 videt
1063 1744 1151 1776 ante
1168 1736 1308 1785 multo,

193 1804 280 1843 quae
297 1792 427 1830 futura
439 1800 537 1831 sunt.
568 1792 659 1840 Quo
677 1792 724 1830 de
741 1805 878 1843 genere
895 1792 963 1830 illa
981 1798 1072 1830 sunt
1088 1805 1100 1829 :

249 1868 277 1889 ‘⁵‘
296 1866 410 1906 Eheu
426 1867 435 1905 !
467 1867 614 1913 videte;
641 1867 826 1917 judicavit
844 1867 1030 1918 inclytum
1044 1865 1234 1916 judicium

246 1921 355 1959 Inter
374 1921 477 1960 Deas
496 1929 570 1960 tres
595 1921 756 1973 aliquis:
787 1933 864 1973 quo
885 1920 1030 1972 judicio
1057 1919 1306 1959 Lacedaemo-

352 1988 417 2013 ma

245 2028 407 2078 Mulier,
428 2029 633 2068 Furiarum
658 2041 750 2078 una,
771 2028 986 2067 adveniet.”

191 2116 339 2155 Eodem
359 2117 461 2155 enim
480 2116 595 2155 modo
613 2117 737 2154 multa
749 2130 772 2154 a
789 2116 1081 2155 vaticinantibus
1094 2128 1193 2169 saepe
1205 2128 1306 2168 prae-

189 2170 291 2210 dicta
309 2180 413 2221 sunt,
432 2184 556 2223 neque
574 2171 699 2209 solum
719 2171 856 2220 verbis,
877 2170 942 2210 sed
961 2170 1077 2210 etiam
