1470 2402
178 144 229 181 83
284 144 360 182 DE
381 140 798 193 DIVINATIONE,
821 145 919 183 Lm.
941 145 999 183 ΙΙ.
1021 145 1127 184 CAP.
1143 145 1221 186 46.;

177 251 248 300 qui
270 259 418 299 ventus,
449 253 516 303 qui
534 252 670 299 imber,
703 266 788 303 quae
807 260 1022 303 tempestas,
1046 252 1196 303 ubique
1214 251 1263 290 sit
1272 254 1295 293 v?

176 317 340 354 quarum
371 319 498 343 rerum
527 307 567 344 in
593 307 778 357 proximis
803 306 894 343 locis
918 314 1033 344 tantae
1057 305 1297 344 dissimilitu-

177 357 284 395 dines
303 371 400 409 saepe
421 367 522 407 sunt,
543 368 586 397 ut
606 360 680 397 alia
700 360 876 405 Tusculi,
892 360 967 397 alia
981 360 1134 406 Romae,
1150 359 1298 398 eveniat

177 423 276 461 saepe
301 420 513 463 tempestas.
555 413 687 461 Quod,
720 413 787 463 qui
806 414 1000 464 navigant,
1026 413 1197 451 maxime
1215 412 1298 450 ani-

177 465 433 513 madvertunt,
463 479 564 513 eum,
592 467 630 504 in
658 466 850 504 flectendis
871 467 1150 517 promontoriis,
1166 473 1298 505 vento-

177 530 264 554 rum
283 519 510 557 mutationes
529 521 718 558 maximas
739 533 838 570 saepe
857 520 1032 558 sentiant.
1063 520 1159 558 Haec
1177 520 1296 571 igitur

177 583 266 608 cum
296 572 343 609 sit
369 580 452 610 tum
476 575 665 621 serenitas,
698 582 782 611 tum
807 574 1039 624 perturbatio
1064 574 1160 622 coeli,
1190 581 1294 612 estne

176 637 354 662 sanorum
381 627 597 674 hominum,
630 628 701 665 hoc
727 627 775 664 ad
801 628 1037 664 nascentium
1056 635 1162 665 ortus
1179 627 1297 679 perti-

177 689 265 716 nere
305 692 382 717 non
422 680 556 728 (ii-cere,
601 681 703 731 qurd
733 692 809 717 non
842 688 939 718 certe
968 681 1156 731 pertinet3
1196 681 1297 718 illud

176 733 300 770 nescio
320 733 414 784 quid
433 742 559 780 tenue,
581 734 685 785 quod
704 734 833 771 sentiri
851 735 959 772 nullo
978 735 1106 782 modo,
1132 734 1296 785 intelligi

175 794 304 823 autem
331 787 395 824 Vix
424 796 560 838 potest,
594 801 679 838 quae
705 801 727 825 a
751 788 846 824 luna
872 788 1088 839 caeterisque
1107 788 1297 826 sideribus

176 839 258 876 (eceli
284 841 505 891 temperatio
531 841 610 888 fiat,
639 841 761 879 dicere
779 841 828 878 ad
846 853 1053 891 puerorum
1075 849 1179 880 ortus
1205 854 1292 893 per-

175 893 294 930 tinere
309 896 326 931 Ρ
1050 943 1055 946 ¹
1297 914 1302 917 ·

228 946 336 993 Quid
350 950 367 985 Ρ
397 948 500 999 quod
518 961 595 987 non
614 949 848 999 intelfigunt,
879 949 1070 986 seminum
1089 949 1182 998 vim,
1204 962 1301 1000 quae.

173 999 223 1036 ad
254 1001 489 1051 gignendum
521 1003 873 1054 procreandumque
905 1003 1118 1053 plurimum
1149 1003 1303 1051 valeat,-

171 1053 344 1092 funditus
363 1056 460 1103 tolli,
480 1056 676 1095 mediocris
696 1057 828 1094 erroris
854 1063 909 1094 est
923 1059 940 1094 ?
970 1056 1070 1103 Quis
1089 1057 1192 1095 enim
1210 1069 1300 1095 non.

172 1107 288 1155 videt,
329 1116 365 1146 et
393 1109 534 1148 formas
565 1119 601 1148 et
629 1123 766 1156 mores,
797 1117 834 1147 et
861 1110 1062 1161 plerosque
1094 1117 1213 1148 status
1244 1123 1290 1148 ac

171 1168 312 1209 motus,
329 1161 505 1213 effingere
521 1177 545 1201 a
562 1164 782 1215 parentibus
799 1163 965 1201 liberos?
985 1163 1088 1214 quod
1102 1176 1179 1202 non
1198 1176 1288 1202 con-

170 1214 346 1264 tingeret,
367 1216 398 1253 si
415 1216 486 1255 hoc
511 1230 588 1255 non
608 1218 663 1256 vis
683 1225 719 1255 et
737 1225 873 1255 natura
897 1216 1139 1267 gignentium
1164 1217 1286 1256 effice-

170 1275 241 1314 ret,
262 1269 326 1306 sed
344 1271 566 1320 temperatio
584 1272 701 1319 lunae,
728 1271 888 1321 coelique
907 1269 1128 1309 moderatio.

224 1321 362 1368 Quid?
392 1324 494 1374 quod
520 1337 598 1363 uno
617 1333 654 1362 et
681 1324 813 1363 eodem
833 1324 1012 1374 temporis
1031 1332 1174 1374 puncto
1192 1324 1289 1372 nati,

172 1374 371 1413 dissimiles
401 1386 438 1414 et
467 1386 621 1416 naturas
659 1386 696 1416 et
722 1379 817 1416 vitas
842 1385 879 1415 et
904 1390 1011 1415 casus
1034 1377 1191 1426 habent,
1221 1391 1303 1429 pa-.

170 1440 308 1466 rumne
334 1429 511 1478 declarat,
539 1432 636 1469 nihil
665 1432 715 1469 ad
744 1431 932 1482 agendam
962 1431 1081 1469 vitam
1111 1431 1290 1471 nascendi

171 1488 323 1533 tempus
340 1485 527 1534 pertinere
542 1488 559 1523 ?
588 1486 660 1523 nisi
679 1486 775 1523 forte
797 1492 994 1536 putamus,
1014 1486 1209 1524 neminem
1227 1498 1291 1524 eo-

171 1535 260 1572 dem
279 1544 447 1588 tempore
466 1538 548 1589 ipso
567 1547 604 1577 et
622 1547 847 1590 conceptum
868 1546 905 1575 et
923 1546 1073 1587 natum,
1091 1553 1168 1591 quo
1181 1539 1292 1578 Afri-

172 1601 323 1626 canum.
367 1591 477 1628 Num
497 1593 582 1643 quis
601 1593 717 1643 igitur
736 1593 822 1629 talis
840 1591 916 1629 fuit
930 1593 948 1629 Ρ

223 1643 380 1682 XLVI.
411 1645 550 1692 Quid?
579 1646 726 1684 illudne
751 1645 916 1683 dubium
943 1652 1012 1692 est,
1041 1646 1135 1697 quin
1161 1646 1293 1695 multi,

171 1708 260 1734 cum
285 1697 339 1734 ita
365 1699 444 1735 nati
464 1708 599 1747 essent,
620 1709 664 1737 ut
683 1699 860 1751 quaedam
880 1706 1011 1736 contra
1028 1707 1209 1738 naturam
1229 1700 1297 1739 de-

171 1758 328 1799 pravata
351 1751 547 1799 haberent,
577 1754 865 1791 restituerentur
883 1760 921 1790 et
939 1752 1216 1803 corrigerentur
1247 1756 1297 1792 ab

170 1804 322 1851 natura,
343 1818 431 1842 cum
451 1819 489 1844 se
507 1807 589 1857 ipsa
607 1807 829 1852 revocasset,
850 1812 918 1843 aut
936 1814 1015 1843 arte
1033 1815 1152 1857 atque
1169 1807 1297 1846 medi-

171 1857 287 1895 cina?
316 1866 383 1896 aut
409 1872 573 1910 quorum
602 1861 744 1911 linguae
771 1861 823 1897 sie
848 1859 1090 1906 inhaererent,
1118 1869 1162 1898 ut
1187 1861 1295 1913 loqui

169 1922 247 1947 non
261 1919 426 1960 possent,
443 1925 496 1950 eae
511 1915 686 1964 scalpello
701 1921 849 1951 resectae
862 1913 1115 1951 liberarentur
1130 1917 1147 1952 Ρ
1168 1915 1294 1953 Multi

171 1963 285 2000 etiam
305 1973 452 2003 naturae
473 1967 608 2004 vitium
627 1967 872 2005 meditatione
891 1974 1007 2016 atque
1026 1967 1296 2007 exercitatione.

170 2018 405 2056 sustulerunt
419 2033 431 2064 ς
452 2028 496 2057 ut
512 2019 811 2058 Demosthenem
825 2019 954 2057 scribit
966 2019 1187 2067 Phalereus,
1201 2034 1293 2060 cum

174 2070 263 2106 Rho
281 2070 402 2110 dicere
421 2074 608 2123 nequiret,
638 2074 903 2112 exercitatione
921 2073 1065 2119 fecisse,
1086 2081 1130 2111 ut
1148 2075 1292 2125 planis-

169 2123 266 2160 sime
284 2124 431 2162 diceret.
463 2127 581 2173 Quod
597 2128 628 2165 si
641 2128 722 2165 haec
741 2134 839 2165 astro
857 2127 1078 2176 ingenerata
1096 2135 1133 2164 et
1151 2128 1294 2167 tradita

169 2184 304 2222 essent,
324 2179 431 2216 nulla
448 2192 505 2217 res
525 2193 568 2218 ea
585 2188 734 2218 mutare
752 2188 888 2231 posset.
933 2179 1073 2226 Quid?
1093 2181 1288 2220 dissimili-

166 2229 260 2273 tudo
288 2230 456 2270 locorum
486 2245 613 2272 nonne
643 2234 844 2274 dissimiles
875 2233 1080 2272 hominum
1111 2247 1296 2286 procrea,-v
