1470 2402
137 111 216 150 132
326 110 405 150 DE
435 109 705 160 LEGIBUS,
726 110 826 150 Lm.
847 109 883 150 Ι.
903 108 1012 150 CAP'.
1026 105 1071 149 3.‘

140 220 291 272 assequi
308 228 450 272 posset,
467 217 715 273 ⁴aliquantum
734 222 782 259 ab
799 220 946 272 optimo
964 227 1094 258 tamen
1109 217 1269 258 abesset.

146 274 281 322 Quare
299 284 414 314 tuum
433 284 489 314 est
506 287 650 314 munus
667 290 677 313 ε
707 275 781 314 hoc
798 289 822 313 a
839 282 877 313 te
901 280 1167 326 exspectatun
1197 273 1271 312 nisi

145 329 240 380 quid
259 330 409 378 Quinto
428 330 579 368 videtur
598 343 716 368 secus.

196 384 278 422 III.
313 385 494 429 Quintus.
525 384 631 422 Mihi
657 397 744 422 vero
769 383 897 421 nihil:
929 391 967 422 et
992 395 1092 434 saepe
1120 381 1169 420 de
1194 381 1269 420 isto

144 438 321 477 collocuti
351 451 508 477 sumus:
540 438 605 476 sed
635 446 691 476 est
719 437 897 490 quaedam
925 437 1025 475 inter
1053 449 1123 474 nos
1151 449 1271 488 parva

145 492 339 531 dissensio.
370 494 541 530 Atticus.
563 492 665 540 Quae
683 492 875 530 tandem?
909 491 1091 537 Quintus.
1120 490 1162 528 A
1181 490 1269 542 qui-

142 547 216 585 bus
227 547 464 599 temporibus
480 547 668 586 scribendi
680 546 804 598 capiat
819 546 1033 584 exordium.
1063 545 1151 595 Ego
1163 544 1269 583 enim

143 602 192 638 ab
211 601 358 640 ultimis
384 614 530 646 censeo,
551 601 735 653 quoniam
759 600 827 638 1113
853 600 906 638 sic
931 599 1070 650 scripta
1095 607 1198 645 sunt,
1218 606 1265 637 ut

143 667 193 693 ne
221 656 399 706 legantur
432 655 614 707 quidem·
652 655 732 707 ipse
761 662 891 692 autem
925 654 1113 706 aequalem
1147 653 1269 692 aetatis

144 723 224 747 suae
241 710 467 748 memoriam
487 709 667 761 deposcit,
688 717 732 747 ut
751 722 795 747 ea
819 709 1108 760 complectatur,
1128 708 1271 759 quibus

143 763 225 814 ipse
243 764 428 802 interfuit.
474 765 644 801 Atticus.
675 763 762 814 Ego
780 775 869 801 vero
885 762 977 800 huic
994 761 1122 813 potius
1141 773 1269 800 assen-

143 818 228 856 tior.
270 819 370 857 Sunt
389 819 491 856 enim
510 818 693 856 maximae
711 831 770 856 res
787 817 829 855 in
853 817 926 855 hac
950 814 1136 854 memoria
1154 823 1272 867 atque

144 881 255 911 aetate
279 872 431 911 nostra:
463 880 549 911 tum
576 880 707 910 autem
734 871 903 910 hominis
928 870 1163 915 amicissimi,
1192 870 1268 909 Cn.

146 927 338 979 Pompeii,
354 927 486 966 laudes
500 928 730 965 illustrabit:
760 926 928 965 incurret
947 925 1062 964 etiam
1076 924 1118 962 in
1136 924 1270 963 illum-

145 989 226 1020 met
244 982 534 1020 memorabilem
553 994 700 1019 annum
720 994 859 1019 suum·
891 993 978 1032 quae
1003 981 1052 1018 ab
1071 979 1143 1018 isto
1165 979 1271 1018 malo

147 1036 359 1087 praedicari,
392 1049 511 1088 quam
543 1039 604 1079 (ut
632 1035 756 1081 aiunt)
787 1035 834 1073 de
863 1034 990 1072 Remo
1017 1041 1054 1072 et
1082 1033 1268 1072 Romulo.

150 1090 550 1141 M‹1rcus.1ntellig0
583 1090 762 1141 equidem
793 1103 816 1127 a
852 1101 915 1126 me
946 1088 1065 1126 istum
1097 1087 1269 1126 laborem

145 1145 298 1195 jamdiu
326 1145 524 1196 postulari,
554 1144 710 1189 Attice3
741 1155 858 1195 quem
883 1155 961 1181 non
986 1155 1213 1189 recusarem,
1241 1141 1274 1180 si

150 1199 248 1236 mihi
266 1199 393 1237 ullum
412 1199 644 1237 tribueretur
662 1211 828 1236 vacuum
853 1206 1006 1248 tempus
1030 1203 1067 1234 et
1091 1196 1271 1234 liberum.

151 1253 292 1304 Neque
312 1254 413 1292 enim
433 1251 614 1314 occupata
633 1266 760 1304 opera,
780 1264 905 1303 neque
923 1250 1108 1302 impedito
1127 1251 1272 1296 31111110,

151 1320 211 1345 res
230 1315 337 1345 tanta
357 1307 494 1359 suscipi
513 1315 647 1359 potest.
684 1307 906 1358 Utrumque
924 1318 1020 1357 opus
1039 1312 1108 1351 est,
1129 1312 1167 1343 et
1185 1303 1276 1343 cura

153 1374 300 1407 vacare,
322 1370 358 1400 et
376 1362 538 1413 negotio.
579 1362 749 1399 Atticus.
780 1360 921 1408 Quid?
950 1359 999 1397 ad
1017 1366 1151 1397 caetera
1170 1362 1278 1411 (quae

155 1416 334 1466 scripsisti
352 1416 478 1467 plura,
500 1429 618 1467 quam
637 1416 843 1467 quisquam
862 1427 882 1453 e
900 1414 1053 1461 nostris)
1079 1413 1184 1465 quod
1203 1412 1275 1452 fibi

154 1470 312 1508 tandem
341 1479 494 1521 tempus
521 1483 686 1509 vacuum
712 1469 786 1507 fuit
816 1469 1068 1508 concessum?
1099 1467 1278 1506 Marcus.

154 1524 359 1562 Subseciva
377 1525 555 1576 quaedam
571 1533 743 1576 tempora
760 1524 973 1570 incurrunt,
995 1535 1082 1574 quae
1101 1535 1171 1573 ego
1189 1535 1281 1574 per-

155 1579 211 1616 ire
237 1591 314 1617 non
339 1579 488 1630 patior;
527 1586 582 1626 ut,
604 1579 704 1630 siqui
729 1578 809 1616 dies
834 1577 883 1616 ad
908 1576 1172 1615 rusticandum
1197 1575 1278 1614 dati

158 1633 246 1679 sint,
268 1633 318 1671 ad
337 1646 468 1671 eorum
487 1646 694 1671 numerum
714 1631 1061 1675 accommodentur
1082 1644 1169 1682 quae
1188 1631 1280 1669 scri-

154 1688 297 1725 bimus.
329 1687 501 1726 Historia
519 1701 607 1726 vero
625 1701 694 1726 nec
713 1687 861 1726 institui
880 1693 1016 1738 potest,
1037 1685 1111 1723 nisi
1128 1698 1279 1747 praepa-

157 1749 239 1779 rato
258 1742 349 1790 otio,
370 1754 440 1781 nec
458 1743 598 1793 exiguo
623 1750 794 1793 tempore
813 1740 982 1779 absolvi:
1013 1747 1050 1777 et
1068 1752 1138 1790 ego
1157 1739 1279 1777 animi

157 1796 322 1847 pendere
341 1797 456 1844 soleo,
478 1809 581 1858 cum,
602 1797 719 1835 semel
739 1795 833 1848 quid
851 1808 972 1842 orsus,
989 1793 1165 1832 traducor
1179 1793 1278 1839 311ος

156 1862 282 1901 neque
301 1858 380 1888 tam
406 1851 517 1889 facile
542 1851 754 1902 interrupta
778 1857 951 1897 contexo,
980 1861 1099 1900 quam
1123 1848 1280 1886 absolvo

158 1903 343 1942 instituta.
364 1905 534 1943 Atticus.
551 1905 802 1957 Legationem
814 1904 985 1965 aliquam
999 1902 1183 1940 nimirum
1195 1914 1280 1940 ora-

160 1958 214 1995 tio
231 1958 304 1996 ista
321 1960 504 2010 postulat,
526 1968 593 1998 aut
617 1959 804 2009 ejusmodi
822 1957 1048 2010 quampiam
1074 1956 1280 1995 cessionem

160 2012 320 2050 liberam
338 2021 453 2065 atque
472 2014 644 2053 otiosam.
678 2014 849 2052 Marcus.
869 2012 957 2063 Ego
971 2024 1059 2050 vero
1078 2010 1199 2049 aetatis
1211 2022 1281 2061 po-

160 2066 237 2104 tius
255 2067 440 2105 vacationi
460 2069 713 2115 confidebam,
734 2080 823 2106 cum
849 2066 1059 2127 praesertim
1077 2077 1155 2104 non
1173 2077 1281 2102 recu-

160 2133 297 2164 sarem
319 2122 540 2171 quominus,
561 2135 668 2161 more
686 2122 823 2174 patrio,
845 2120 977 2170 sedens
1004 2120 1046 2158 in
1065 2119 1172 2164 solio,
1192 2130 1284 2156 oon·

161 2174 377 2237 sulentibus
413 2176 696 2227 responderem,
735 2175 1014 2227 senectutisque
1046 2186 1136 2212 non
1155 2171 1287 2212 inertis
