1470 2402
244 113 297 152 62
333 111 410 152 DE
438 113 858 166 DIVINATIONE,
877 115 978 155 Lm.
999 116 1059 160 11.
1080 115 1185 155 CAP.
1209 116 1271 156 11.

242 221 327 260 lum
352 222 462 261 civile
487 222 624 263 Caesar.
664 224 758 262 Non
776 224 893 276 igitur
910 223 1044 263 fatales
1071 224 1195 262 exitus
1211 223 1357 262 habue-

241 285 344 314 runt.
381 277 512 316 Vultis
540 285 670 316 autem
695 279 841 317 evenire
865 279 994 317 omnia
1013 278 1104 316 fato.
1138 278 1251 316 Nihil
1269 290 1358 328 ergo

242 330 318 367 11113
340 330 542 391 profuisset
567 332 759 378 divinare3
789 340 903 384 atque
932 332 1046 370 etiam
1075 344 1230 370 omnem
1253 330 1356 369 fruc-

243 390 331 421 tum
348 384 435 423 vitae
459 386 657 436 superioris
675 361 934 437 perdidissent.
974 385 1084 432 Quid
1109 385 1212 424 8111111
1230 392 1357 436 posset

243 436 291 476 113
309 451 387 476 8338
404 439 551 487 laetum,
571 440 695 478 exitus
717 453 803 478 suos
826 440 1109 491 cogitantibus?
1155 439 1232 486 Ita,
1255 441 1356 489 'quo-

243 504 322 543 quo
350 505 390 530 se
415 494 593 532 verterint
628 494 758 541 Stoici,
788 495 924 543 jaceat,
957 505 1105 532 11888338
1133 500 1203 540 ὧι,
1233 492 1358 530 omnis

243 558 377 585 eorum
395 547 569 585 sollertia.
599 548 642 586 Si
659 548 762 585 enim
780 547 834 595 id,
850 547 953 598 quod
971 554 1196 586 eventurum
1214 553 1283 593 est,
1296 546 1355 584 vel

243 598 318 638 hoc
333 600 447 639 modo
465 601 526 638 vel
543 601 608 639 illo
633 609 755 652 potest
773 602 919 639 evenire
935 614 946 646 ;
977 601 1129 639 fortuna
1146 601 1246 638 valet
1268 600 1356 651 plu-

243 652 411 692 rimum:
433 668 522 706 quae
533 663 661 693 autem
675 654 831 693 fortuita
849 662 950 703 sunt,
966 662 1066 693 certa
1079 667 1157 692 esse
1176 666 1252 691 non
1271 666 1359 704 pos-

245 715 345 745 sunt.
387 708 455 747 Sin
487 716 616 746 autem
645 716 791 746 certum
824 716 892 756 est,
926 708 1020 760 quid
1050 707 1203 759 quaque
1231 707 1279 745 de
1302 720 1357 755 re,

244 773 399 812 quoque
426 770 607 813 tempore,
633 762 808 800 futurum
839 761 1042 822 311;(101(1
1073 768 1141 808 eet,
1171 760 1274 812 quod
1297 773 1360 798 me

244 814 428 863 adjuvent
459 816 689 867 haruspices,
721 828 810 854 cum
838 829 896 854 res
925 815 1154 853 tristissimas
1184 814 1359 866 portendi

245 867 422 907 dixerint.

299 922 352 960 X.
382 923 548 962 Addunt
577 923 626 962 ad
656 930 884 971 extremum,
908 923 1038 961 omnia
1067 922 1188 960 levius
1212 934 1357 969 casura,

244 977 359 1014 rebus
386 977 523 1016 divinis
550 977 767 1029 procuratis.
809 977 850 1016 Si
882 975 1024 1029 [enim]
1055 976 1153 1014 nihil
1182 975 1226 1013 fit
1254 983 1360 1013 extra

245 1030 385 1079 fatum,
412 1031 509 1069 nihil
527 1032 643 1069 levari
661 1045 701 1069 re
719 1031 849 1069 divina
866 1039 1001 1082 potest.
1038 1030 1126 1068 Hoc
1144 1029 1256 1068 sentit
1274 1029 1359 1068 Ho-

245 1095 387 1133 merus,
407 1098 496 1123 cum
516 1093 737 1137 querentem
755 1085 784 1123 J
786 1097 895 1123 ovem
913 1084 1072 1131 inducit,
1092 1083 1196 1135 quod
1222 1083 1358 1134 Sarpe-

246 1137 387 1176 donem
404 1138 529 1177 filium
549 1152 571 1177 a
589 1147 710 1177 morte
729 1146 857 1176 contra
870 1138 994 1176 fatum
1012 1137 1153 1188 eripere
1176 1149 1252 1174 non
1270 1149 1359 1188 pos-

246 1198 314 1229 set.
343 1191 431 1230 Hoc
449 1192 552 1230 idem
571 1192 757 1244 significat
776 1192 931 1231 Graecus
953 1192 1017 1230 1118
1041 1191 1082 1229 111
1100 1203 1185 1230 83111
1210 1198 1359 1229 senten-

246 1245 340 1284 tiam
359 1259 510 1285 versus:

305 1321 334 1343 ‘⁶
354 1319 487 1412 Qupd
490 1320 570 1359 fore
566 1327 764 1392 „paratum
783 1326 851 1370 est,
877 1318 918 1358 id
939 1330 1136 1358 summum
1161 1324 1362 1370 exsuperat

440 1387 487 1412 ov
489 1375 576 1412 em’

238 1460 397 1499 -Totum
427 1461 583 1500 omnino
614 1461 738 1500 fatum
768 1461 879 1500 etiam
910 1459 1107 1500 Atellanio
1138 1473 1247 1499 versu
1273 1460 1360 1509 jure

246 1515 345 1552 mihi
363 1528 441 1554 esse
468 1515 620 1553 irrisum
638 1515 808 1554 videtur:
840 1515 938 1554 sed
928 1528 968 1552 m
987 1517 1099 1553 rebus
1124 1522 1204 1552 tam
1224 1514 1360 1556 severis

245 1579 324 1606 non
343 1576 399 1607 est
417 1569 570 1620 jocandi
590 1570 706 1607 locus.
749 1569 1008 1608 Concludatur
1029 1569 1146 1619 igitur
1168 1567 1274 1606 ratio.
1317 1567 1360 1606 Si

246 1622 351 1660 enim
368 1623 557 1674 provideri
575 1623 671 1661 nihil
694 1631 817 1674 potest
833 1623 1008 1661 futurum
1027 1635 1105 1660 esse
1123 1635 1254 1660 eorum
1273 1630 1361 1673 quae

247 1688 337 1714 casu
361 1677 475 1725 fiunt,
502 1677 593 1728 quia
622 1690 699 1715 esse
731 1685 831 1715 certa
858 1689 935 1715 non
964 1684 1149 1728 possunt;
1179 1675 1361 1714 divinatio

246 1730 355 1768 nulla
374 1739 440 1769 est.
483 1732 551 1770 Sin
569 1739 697 1769 autem
714 1731 851 1769 idcirco
868 1738 1025 1782 possunt
1039 1729 1239 1781 provideri,
1269 1729 1361 1780 quia

246 1792 348 1822 certa
365 1793 453 1823 sunt
471 1793 507 1823 et
525 1785 655 1823 fatalia
671 1799 683 1831 3
712 1799 841 1824 rursus
859 1785 1040 1823 divinatio
1053 1783 1161 1822 nulla
1172 1790 1227 1821 est
1243 1798 1254 1821 ι
1275 1796 1360 1821 83111

247 1838 350 1876 8111111
377 1846 421 1876 10
452 1839 693 1877 fortuitarum
723 1852 850 1877 rerum
879 1852 956 1877 esse
978 1838 1138 1876 dicebas.
1177 1836 1254 1875 Sed
1277 1837 1359 1874 haec

245 1890 360 1929 fuerit
371 1893 493 1940 nobis,
502 1901 700 1944 tamquam
712 1893 804 1931 levis
818 1900 1033 1939 armaturae,
1049 1892 1173 1943 prima
1184 1890 1361 1928 orationis

246 1946 441 1984 excursio:
472 1959 574 1985 nunc
588 1946 800 1985 comminus
818 1959 1002 1997 agamus;
1032 1945 1360 1996 experiamurque,

246 1998 279 2036 si
295 1999 483 2050 possimus
502 2013 642 2039 cornua
653 2013 888 2039 commovere
899 1999 1162 2051 disputationis
1180 2006 1269 2036 tuae.

301 2053 380 2092 XI.
428 2053 520 2092 Duo
552 2055 654 2093 enim
686 2067 823 2106 genera
855 2053 1050 2092 divinandi
1080 2065 1158 2091 esse
1193 2051 1357 2098 dicebas,

245 2117 371 2145 unum
399 2107 657 2170 artificiosum,
690 2110 852 2147 alterum
882 2107 1077 2146 naturale.
1115 2105 1358 2144 artificiosum

245 2168 416 2199 constare
446 2162 585 2212 partim
613 2176 662 2201 ex
692 2161 921 2212 conjectura,
940 2161 1080 2213 partim
1109 2172 1157 2199 83
1185 2161 1358 2197 observa-

246 2213 348 2254 tione
358 2215 568 2264 diume
597 2216 781 2264 naturale,
802 2215 905 2267 quod
924 2215 1075 2254 animus
1093 2212 1272 2265 arriperet
1290 2220 1356 2250 aut
