1470 2402
180 125 259 168 152
357 127 436 168 DE
466 127 730 179 LEGIBUS,
752 128 853 168 Lm.
875 128 911 168 Ι.
938 128 1045 169 Cu.
1065 130 1131 169 24.

177 244 315 277 natum
343 238 514 287 sensenk,
534 250 612 277 non
640 237 767 277 solum
795 237 863 277 illa
887 238 1019 277 subtili
1048 237 1305 291 disputatione

177 292 250 330 sibi
265 293 455 331 utendum
472 293 639 345 putabit,
657 293 722 331 sed
747 293 862 331 etiam
882 291 969 331 fus&
985 293 1101 332 latius
1118 291 1305 345 perpetua

176 346 360 396 oratione,
385 346 464 399 qu&
488 355 594 399 regat
612 347 789 398 populos,
811 346 888 399 quai
907 347 1075 386 stabiliat
1088 347 1205 399 leges,
1225 345 1305 398 qua

175 401 333 453 castiget
363 402 572 465 improbos,
603 415 682 454 qua
712 409 865 440 tueatur
894 403 1028 450 bonos,
1063 415 1142 454 qua
1170 401 1304 440 laudet

172 456 294 494 claros
313 457 440 502 viros;
471 470 549 508 qua
562 463 750 518 praecepta
775 456 907 496 salutis
926 464 964 495 et
979 456 1119 505 laudis,
1139 463 1228 508 apte
1252 455 1303 494 ad

172 486 498 562 persuadendum,
519 511 607 549 edat
625 511 702 549 suis
721 511 892 556 civibus;
922 524 1000 563 qua
1017 511 1161 550 hortari
1175 509 1224 549 ad
1236 509 1303 548 de-

172 578 255 613 cus,
275 578 448 604 revocare
467 579 490 603 a
508 565 667 616 flagitio,
689 565 874 604 consolari
890 565 1009 617 possit
1027 565 1202 614 afflictos,
1222 563 1301 603 fae-

170 626 290 672 taque
308 627 346 658 et
361 620 536 659 consulta
554 620 713 658 fortium
732 627 770 658 et
788 619 1018 672 sapientum,
1038 633 1129 659 cum
1154 620 1299 670 impro-

170 675 309 712 borum
335 673 562 726 ignominia,
590 673 830 736 sempiternis
855 674 1102 713 monimentis
1126 674 1298 726 prodere.

170 728 274 777 Quae
292 741 382 767 cum
402 736 457 766 tot
468 742 526 767 ιω
533 736 732 790 tanoeque
751 728 840 775 sint,
854 742 941 780 quae
954 728 1075 767 inaese
1088 729 1130 766 in
1141 729 1299 767 homine

167 783 445 835 perspiciantur
463 783 540 822 ab
530 783 577 822 iis
603 783 671 835 qui
696 796 736 821 se
760 783 834 835 ipsi
852 783 972 822 velint
995 785 1132 831 n6soe3
1163 795 1296 822 mrum

166 850 304 889 parens
323 845 379 876 est
397 838 671 889 educatrixque
690 837 886 889 sapientia.

221 892 393 930 Atticus.
423 892 602 931 Laudata
631 892 789 944 quidem
820 905 843 930 a
872 899 910 931 te
937 891 1103 944 graviter
1134 898 1172 930 et
1195 905 1294 932 vere.

164 947 242 986 Sed
261 960 446 999 quorsum
465 947 547 986 haec
572 947 787 998 pertinent.
775 946 794 969 '²
824 948 1006 985 Marcus.
1045 946 1225 985 Primum
1244 948 1294 986 ad

165 1015 224 1050 ea,
258 1001 464 1054 Pomponi,
500 1002 548 1040 de
580 1001 722 1054 quibus
747 1001 869 1040 acturi
891 1002 974 1051 jam
1000 1014 1161 1047 sumus·
1205 1015 1294 1054 quae

163 1063 272 1095 tanta
290 1069 368 1095 esse
383 1056 588 1094 volumus:
619 1069 696 1094 non
716 1055 820 1094 enim
840 1063 965 1103 erunt,
979 1056 1053 1094 nisi
1072 1069 1116 1094 ω
1133 1056 1291 1105 fuerint,

163 1111 268 1150 unde
286 1110 355 1148 illa
368 1119 542 1159 manant,
559 1110 808 1162 amplissima.
839 1109 994 1148 Deinde
1005 1110 1103 1149 facio
1118 1118 1155 1149 et
1165 1111 1291 1149 liben-

162 1172 234 1213 ter,
269 1172 320 1214 et,
354 1172 399 1203 ut
430 1178 555 1217 spero,
582 1173 695 1213 recte,
717 1164 821 1216 quod
840 1177 940 1212 mm,
961 1165 1071 1214 cujus
1089 1165 1216 1203 studio
1234 1174 1290 1204 te..

162 1232 268 1269 neor,
285 1233 449 1272 quaeque
473 1233 536 1258 me
557 1233 662 1267 eum,
678 1220 915 1271 quicumque
934 1232 1036 1266 sum,
1053 1219 1190 1267 effecit,
1210 1233 1288 1259 non

161 1287 319 1326 possum
350 1274 499 1313 silentio
530 1273 732 1326 praeterire.
776 1274 947 1312 Atticus.
989 1274 1094 1313 Vero
1124 1274 1218 1313 facis
1249 1283 1288 1314 et

161 1329 312 1376 merito,
349 1327 407 1378 [et
436 1329 537 1382 ipse]
557 1344 567 1369 :
597 1328 749 1381 fuitque
775 1328 830 1378 id,
856 1336 901 1367 ut
922 1328 1030 1379 dicis,
1051 1329 1092 1368 in
1117 1329 1190 1369 hoc
1209 1342 1285 1370 ser-

160 1396 276 1424 mone
293 1383 524 1429 faciendum,
