1470 2402
204 123 284 161 150
383 120 462 160 DE
483 118 747 170 LEGIBUS,
767 118 870 158 Lm.
891 118 925 158 1.
947 117 1054 158 CAP-
1074 118 1142 157 22.

203 242 328 283 gum.
355 243 434 282 quo
451 229 500 269 de
523 241 661 282 genere
678 235 854 280 exspecto
872 227 1171 280 disputationem
1189 234 1325 267 tuam.

192 298 297 324 nam
315 284 390 324 ista
403 284 560 336 quidem
574 295 717 335 magna
735 281 957 333 dijudicatio
970 290 1040 330 est,
1059 288 1106 320 ut
1123 295 1172 321 ex
1189 290 1228 321 te
1244 283 1330 335 ipso

205 352 305 392 saepe
323 339 496 391 cognovi.
527 338 602 377 Sed
621 345 720 377 certe
738 350 797 376 res
814 337 869 375 ita
887 349 926 375 se
939 336 1070 385 habet,
1091 343 1135 374 ut
1148 349 1198 375 ex
1215 346 1329 376 natu-

204 407 250 432 ra
267 394 407 441 vivere,
441 406 641 431 summum
659 394 807 430 bonum
827 391 890 438 sit,
914 391 955 428 id
974 398 1043 438 est,
1073 390 1154 429 vita
1177 391 1330 430 modica

205 456 243 487 et
267 448 373 509 apta,
398 448 538 485 virtute
565 446 736 498 perfrui3
766 452 834 483 aut
851 453 1029 483 naturam
1049 445 1174 506 sequi,
1192 452 1230 483 et
1247 447 1331 496 ejus

205 503 316 555 quasi
333 503 417 553 1030
431 515 465 539 v·
456 503 584 546 ’νει-ες
613 500 654 538 1(1
672 508 741 549 est,
762 499 874 547 nihil,
895 508 1086 551 quantum
1104 499 1145 537 in
1163 499 1248 550 ipso
1266 501 1329 548 sit,

204 556 506 609 praetermittere,
541 555 749 616 quominus
779 567 836 602 ea,
865 567 953 605 quae
981 562 1120 592 natura
1148 555 1331 606 postulet,

206 618 476 662 consequatur
500 608 626 661 [quod
647 609 746 647 inter
764 608 847 646 haec
859 608 952 646 velit
963 609 1116 656 virtute,
1129 615 1332 669 tamquam

206 665 305 717 lege,
326 664 486 717 vivere]
523 664 771 715 Quapropter
797 663 871 701 hoc
899 662 1102 712 dijudicari
1130 663 1256 701 nescio
1282 675 1332 701 an

207 731 426 771 nunquam,
444 718 509 757 sed
526 719 599 757 hoe
618 730 790 756 sermone
809 724 907 756 certe
934 729 1013 755 non
1031 724 1169 768 potest,
1189 717 1223 755 si
1246 717 1335 770 qui-

209 774 299 812 dem
318 773 372 819 id,
394 773 499 824 quod
517 772 766 824 suscepimus,
786 771 992 823 perfecturi
1009 771 1141 810 simus.

265 827 412 866 XXII.
442 828 613 866 Atticus.
643 827 702 864 At
721 839 791 878 ego
816 826 892 864 huc
911 825 1166 875 declinabam,
1186 838 1256 864 nec
1272 826 1334 865 in-

211 882 324 921 vitus.
377 882 559 927 Quintus.
610 881 760 920 Licebit
791 880 909 918 alias:
950 893 1056 918 nunc
1085 880 1126 918 id
1158 893 1334 932 agamus,

212 937 318 989 quod
336 937 545 988 coepimus;
577 949 665 975 cum
684 935 896 987 praesertim
914 934 964 973 ad
975 934 1016 973 id
1033 934 1132 972 nihil
1149 935 1336 986 pertineat

211 991 295 1029 haec
325 990 372 1029 de
401 1004 555 1030 summo
584 991 689 1029 malo
714 991 894 1041 bonoque
917 988 1110 1028 dissensio.
1150 991 1334 1028 Marcus.

212 1045 530 1091 prudentissime,
552 1045 714 1093 Quinte,
735 1044 851 1082 (11015.
881 1056 973 1082 113111
993 1057 1081 1096 quae
1098 1057 1122 1082 a
1134 1056 1198 1083 me
1211 1044 1338 1084 adhuc

215 1099 318 1138 dicta
331 1107 421 1138 sunt
434 1099 456 1120 ¹
475 1099 496 1120 *
515 1099 537 1120 *

273 1154 456 1199 Quintus.
498 1154 582 1192 Nec
602 1152 774 1204 Lycurgi
791 1152 908 1204 10305,
928 1165 998 1191 1100
1017 1151 1182 1201 Solonis,
1213 1165 1339 1206 neque

216 1207 446 1254 Charondae,
466 1220 591 1260 neque
610 1207 780 1256 Zaleuci,
801 1219 870 1245 nec
888 1215 1034 1246 nostras
1053 1207 1142 1246 XII
1173 1209 1338 1258 tabulas,

215 1274 286 1300 1100
304 1262 443 1313 plebis·
428 1262 551 1323 -scita,
572 1262 766 1300 desidero:
796 1261 862 1300 sed
881 1269 919 1300 te
937 1260 1127 1310 existimo,
1152 1275 1242 1300 cum
1270 1276 1340 1314 po-

215 1316 332 1368 pulis,
363 1325 448 1355 tum
482 1316 597 1356 etiam
630 1316 806 1368 singulis,
829 1315 1014 1354 hodierno
1041 1327 1214 1355 sermone
1236 1317 1341 1371 10305

216 1370 372 1409 vivendi
390 1378 427 1409 et
445 1371 686 1422 disciplinam
701 1370 896 1409 daturum.
926 1371 1109 1409 Marcus.
1138 1369 1212 1409 Est
1222 1365 1342 1421 hujus

216 1437 306 1463 vero
335 1424 615 1477 disputationis,
642 1424 804 1472 Quinte,
830 1425 1031 1486 proprium
1056 1424 1111 1471 id,
1142 1425 1247 1476 quod
1275 1439 1344 1464 ex-

216 1487 386 1531 spectas:
417 1488 534 1531 atque
558 1479 710 1518 utinam
739 1486 834 1517 esset
856 1479 973 1517 etiam
998 1479 1191 1517 facultatis
1214 1481 1337 1519 meae!

217 1533 295 1572 Sed
312 1533 481 1585 profecto
498 1534 553 1572 ita
581 1547 619 1572 se
638 1547 696 1572 res
720 1533 851 1580 habet,
879 1542 938 1582 ut,
955 1533 1140 1585 quoniam
1158 1533 1340 1574 vitiorum

215 1588 511 1627 emendatricem
533 1589 660 1640 legem
678 1601 756 1626 esse
774 1594 935 1639 oportet,
962 1587 1343 1628 commendat-ricem.

216 1655 294 1694 que
312 1642 515 1689 virtutum,
543 1644 592 1681 ab
618 1642 664 1680 03
687 1642 841 1680 vivendi
864 1642 1036 1681 doctrina
1061 1642 1234 1681 ducatur.
1279 1643 1345 1682 Ita

216 1697 276 1745 fit,
296 1705 342 1735 ut
358 1704 481 1735 mater
498 1697 676 1735 omnium
692 1698 884 1735 bonarum
902 1697 1045 1735 artium
1063 1697 1248 1748 sapientia
1265 1698 1340 1744 m't3

217 1763 242 1789 a
259 1752 370 1801 cujus
388 1764 532 1798 amore,
549 1751 685 1790 Graeco
709 1752 840 1799 verbo,
861 1751 1103 1803 philosophia
1121 1764 1262 1791 nomen
1280 1753 1343 1790 in-

217 1806 347 1851 venit3
377 1806 456 1857 qua
474 1805 572 1843 nihil
597 1819 621 1843 a
638 1804 728 1843 Diis
751 1805 1035 1844 immortalibus
1052 1806 1222 1852 uberius,
1243 1806 1342 1846 nihil

217 1858 429 1907 florentius,
450 1860 548 1898 nihil
572 1859 826 1911 praestabilius
852 1859 1057 1898 hominum
1082 1860 1184 1907 vitae‚
1204 1860 1342 1899 datum

218 1920 286 1952 est.
318 1914 416 1952 Haec
434 1914 537 1952 enim
551 1927 630 1952 una
641 1926 724 1961 nos,
744 1926 834 1952 cum
853 1922 1005 1953 caeteras
1023 1927 1083 1952 ree
1095 1927 1242 1959 omnes,
1255 1923 1342 1954 tum

219 1968 342 2019 (quod
356 1981 394 2006 05
396 1976 411 2006 t
422 1968 711 2014 difficillimum)
726 1968 869 2014 docuit,
885 1976 930 2008 ut
939 1976 1090 2007 nosmet
1099 1969 1202 2020 ipsos
1211 1981 1344 2008 nosce-

219 2033 372 2059 remus:
404 2023 514 2071 cujus
533 2022 712 2073 praecepti
730 2030 837 2060 tanta
853 2023 925 2069 vis,
945 2031 1052 2061 tanta
1071 2023 1257 2061 sententia
1270 2031 1341 2071 est,

218 2083 265 2113 ut
281 2088 327 2113 ea
343 2088 420 2113 non
432 2076 582 2115 homini
600 2077 782 2128 cuipiam,
803 2077 870 2116 sed
887 2077 1078 2129 Delphico
1098 2077 1198 2125 Deo,
1219 2078 1342 2116 tribu-

217 2137 355 2168 eretur.

216 2217 219 2219 .
273 2184 395 2232 Nam,
411 2184 479 2237 qui
498 2197 537 2223 se
555 2184 637 2236 ipse
654 2185 771 2232 norit,
785 2185 958 2237 primum
982 2185 1130 2238 aliquid
1149 2185 1285 2225 sentiet
1302 2198 1342 2225 se

213 2236 356 2277 habere
372 2238 562 2289 divinum,
589 2239 867 2292 ingeniumque
884 2241 925 2279 in
945 2253 985 2280 se
1008 2253 1138 2290 suum,
1167 2240 1267 2280 sicut
1290 2240 1342 2279 51-
