1470 2402
236 55 314 97 DE
343 55 764 108 DIVINATIONE,
785 56 886 96 1118.
909 56 944 97 1.
966 56 1073 98 CAP.
1094 58 1159 97 56.
1202 59 1255 99 49

136 165 315 216 evenerit,
342 166 397 206 ita
427 165 550 217 cadat,
569 174 614 205 ut
646 165 872 218 praedictum
899 165 961 215 sit,
991 178 1117 218 neque
1145 166 1184 204 in
1209 178 1254 205 eo

134 221 350 273 quidquam
385 234 474 260 casu
511 230 548 260 et
582 221 739 260 fortuito
774 220 919 259 factum
950 233 1029 259 esse
1058 229 1253 272 appareat,

135 288 214 314 aese
233 283 330 314 certe
347 275 633 325 divinationem,
646 275 763 327 idque
779 288 858 314 esse
875 275 1054 313 omnibus
1074 275 1256 313 confiten-

137 328 246 368 dum.

191 383 379 431 Quocirca
409 384 580 436 primum
612 384 710 422 mihi
742 383 891 422 videtur
928 385 989 427 (ut
1027 382 1255 421 Posidonius

136 437 243 484 facit)
262 451 285 476 a
303 437 403 485 Deo,
424 439 471 477 de
489 452 566 500 quo
585 439 674 478 satis
693 437 839 476 dictum
859 445 927 485 est,
947 437 1084 476 deinde
1111 451 1133 474 a
1158 437 1253 485 fato,

135 490 272 530 deinde
290 505 313 530 a
330 493 482 540 natura,
502 493 557 531 vis
577 493 701 531 01111115
720 492 930 539 divinandi,
944 492 1130 542 ratioque,
1144 504 1253 542 repe-

135 545 262 584 tenda.
291 546 421 584 Fieri
410 546 529 597 lgitur
547 547 676 585 omnia
693 546 786 592 fato,
800 546 895 584 ratio
914 546 1013 596 cogit
1027 545 1148 583 fateri.
1179 546 1257 583 Fa-

135 606 223 638 tum
251 607 381 638 autem
412 600 453 638 id
481 601 645 652 appello,
666 600 770 651 quod
799 600 923 638 Graeci
953 606 1192 648 Ειμαρμευηυ,
1213 600 1254 638 id

136 661 206 701 est,
226 654 399 693 ordinem
417 654 627 706 seriemque
650 667 863 701 causarum,
885 667 973 692 cum
992 666 1105 691 causa
1132 666 1255 692 causae

135 720 235 746 nexa
253 721 335 746 rem
360 721 408 746 ex
430 721 469 747 se
496 709 652 770 gignat.
643 723 652 732 ·
684 722 728 747 ea
755 715 810 746 est
838 721 885 746 ex
913 707 1019 746 omni
1044 707 1252 746 aeternitate

135 762 258 800 fluens
276 762 411 800 veritas
426 763 666 814 sempiterna.
696 762 813 810 Quod
832 775 921 800 cum
939 762 993 799 ita
1008 761 1068 809 sit,
1085 761 1183 799 nihil
1197 769 1252 800 est

135 815 295 864 factum,
316 816 421 868 quod
437 829 516 855 non
532 816 710 855 futurum
734 816 873 861 fuerit3
904 815 1112 867 eodemque
1137 816 1255 854 modo

135 869 234 908 nihil
252 877 307 908 est
322 870 513 917 futurum,
535 871 643 920 cujus
661 883 737 909 11011
756 883 886 909 causas
904 870 1071 920 idipsum
1091 869 1256 907 efficien-

134 930 191 962 tes
209 932 347 963 natura
363 925 563 963 contineat.
592 924 658 962 Ex
683 938 760 977 quo
783 924 1022 975 intelligitur,
1045 926 1105 966 (ut
1127 923 1255 962 fatum

135 978 198 1025 sit,
213 990 289 1016 non
307 978 348 1016 id
366 978 470 1030 quod
487 979 755 1031 superstitiose,
770 979 834 1016 sed
845 979 884 1015 id
897 978 1001 1030 quod
1019 978 1173 1029 physice
1193 977 1252 1015 di-

135 1032 247 1079 citur,
275 1045 388 1071 causa
418 1040 558 1072 aeterna
584 1040 729 1079 rerum)
751 1046 817 1071 cur
843 1040 880 1070 et
903 1045 959 1080 ea,
981 1045 1068 1083 quae
1094 1039 1250 1082 praeter-

135 1086 274 1135 ierunt,
294 1086 393 1125 facta
411 1087 500 1135 sint,
520 1094 570 1135 et,
593 1100 680 1138 quae
698 1087 854 1133 instant,
883 1086 990 1133 fiant,
1015 1094 1065 1133 et,
1091 1099 1178 1137 quae
1197 1099 1255 1124 se-

135 1149 321 1192 quuntur,
335 1141 465 1179 futura
478 1141 563 1180 sint.
595 1142 658 1179 Ita
672 1141 728 1189 fit,
742 1149 787 1178 ut
800 1148 837 1179 et
853 1140 1111 1179 observatione
1130 1140 1254 1177 notari

135 1194 266 1247 possit,
287 1208 374 1246 quae
391 1208 450 1234 res
468 1208 663 1247 quamque
688 1208 841 1234 causam
868 1196 1097 1247 plerumque
1124 1206 1254 1232 conse-

134 1256 290 1301 quatur,
311 1249 426 1287 etiam
444 1249 476 1287 si
493 1262 570 1288 non
589 1263 762 1301 semper:
794 1262 885 1287 nam
904 1249 944 1287 id
969 1248 1125 1300 quidem
1151 1248 1254 1285 affix-

135 1315 242 1341 mare
260 1303 411 1342 difficile
436 1310 502 1342 est.
544 1303 789 1355 Easdemque
815 1316 946 1342 causas
971 1302 1173 1340 verisimile
1197 1312 1255 1341 est

135 1370 264 1396 rerum
283 1357 501 1396 futurarum
513 1359 614 1396 cerni
629 1360 676 1396 ab
691 1358 737 1396 iis
752 1358 819 1410 qui
833 1366 900 1396 aut
913 1370 980 1409 per
992 1356 1160 1395 furorem
1175 1370 1252 1406 eas,

137 1418 205 1450 aut
222 1411 264 1448 in
282 1411 422 1463 quiete,
442 1411 606 1450 videant.

191 1465 306 1504 LVI.
336 1466 536 1513 Praeterea,
567 1479 655 1504 011111
674 1465 752 1505 fato
777 1465 908 1504 omnia
932 1464 1026 1503 fiant
1051 1465 1121 1511 (id,
1151 1464 1256 1516 quod

137 1519 213 1558 alio
230 1520 312 1558 loco
330 1519 579 1566 ostendetur),
602 1521 633 1559 si
651 1521 736 1572 quis
753 1520 924 1558 mortalis
941 1519 1058 1580 possit
1078 1532 1169 1566 esse,
1190 1519 1258 1570 qui

137 1573 415 1625 colligationem
445 1587 646 1612 causarum
675 1575 850 1612 omnium
881 1573 1082 1625 perspiciat
1111 1573 1256 1621 animo,

137 1627 235 1665 nihil
249 1640 339 1665 eum
352 1628 518 1679 profecto
532 1628 651 1666 fallat.
682 1629 764 1677 Qui
782 1628 884 1667 enim
904 1636 1029 1666 teneat
1048 1640 1178 1665 causas
1197 1640 1256 1665 re-

138 1694 228 1719 rum
245 1680 478 1730 futurarum,
507 1682 610 1721 idem
628 1695 776 1722 necesse
795 1690 849 1720 est
867 1682 997 1721 omnia
1010 1688 1149 1728 teneat,
1171 1694 1259 1733 quae

138 1734 269 1773 futura
287 1735 373 1774 sint·
416 1736 534 1783 Quod
552 1750 641 1775 cum
659 1750 773 1775 nemo
792 1737 926 1783 facere,
942 1735 1015 1773 nisi
1030 1735 1152 1782 Deus,
1167 1748 1257 1786 pos-

138 1789 200 1838 sit,
230 1789 523 1841 relinquendum
548 1798 606 1829 est
620 1791 780 1837 homini,
810 1798 855 1828 ut
873 1790 989 1841 signis
1009 1789 1255 1841 quibusdam,

139 1843 407 1894 consequentia
425 1843 716 1892 declarantibus,
745 1844 876 1882 futura
893 1843 1118 1895 praesentiat.
1164 1843 1258 1881 Non

139 1897 244 1936 enim
272 1897 353 1958 1113,
383 1911 470 1949 quae
498 1898 630 1936 futura
659 1906 761 1946 sunt,
790 1898 916 1936 subito
946 1897 1157 1943 exsistunt;
1192 1897 1258 1936 sed

139 1959 209 1998 est,
239 1951 350 2003 quasi
366 1952 536 1991 rudentis
554 1952 768 2004 explicatio,
789 1952 841 1991 sic
858 1951 1044 1990 traductio
1062 1951 1258 2003 temporis,

139 2005 238 2043 nihil
256 2005 346 2044 novi
359 2005 565 2055 efficientis,
596 2014 633 2045 et
650 2007 821 2058 primum
840 2006 1010 2057 quidque
1028 2005 1259 2057 replicantis.

140 2059 260 2106 Quod
283 2067 321 2098 et
347 2059 376 2097 ii
404 2060 548 2109 vident,
577 2061 717 2112 quibus
744 2060 928 2099 naturalis
958 2059 1139 2097 divinatio
1169 2059 1259 2098 data

140 2121 210 2161 est,
226 2120 264 2152 et
281 2113 309 2152 ii
323 2113 463 2165 quibus
478 2127 609 2153 cursus
626 2128 754 2154 rerum
773 2114 1006 2153 observando
1019 2120 1172 2152 notatus
1187 2121 1255 2152 ffit.

141 2166 224 2215 Qui
242 2167 312 2206 etsi
328 2180 459 2206 causas
476 2168 577 2220 ipsas
594 2181 671 2210 non
690 2176 864 2217 cernunt,
894 2168 1002 2220 signa
1021 2175 1148 2208 tamen
1167 2180 1257 2208 cau«

192 2222 380 2272 (Philas.)
399 2232 506 2262 vot„
527 2235 591 2263 1v.
903 2234 930 2261 1·
