1470 2402
112 113 193 153 262
282 113 362 156 DE
392 117 654 171 OFFICIIS,
684 120 786 160 LIB·
808 121 870 161 11.
899 121 1006 169 CAP.
1023 122 1067 161 6.

166 221 271 263 Cum
302 224 422 277 igitur
452 226 516 266 hic
547 228 653 268 locus
679 229 779 268 nihil
805 229 946 270 habeat
971 227 1236 278 dubitationis,

110 277 207 328 quin
225 278 401 320 homines
419 282 634 333 plurimum
653 284 874 324 hominibus
893 293 930 325 et
947 285 1095 338 prosint
1113 291 1151 323 et
1166 285 1238 323 ob-

111 331 212 378 sint3
252 335 453 386 proprium
479 337 553 376 hoc
581 345 707 377 statuo
735 352 814 378 esse
841 339 1006 389 virtutis,
1034 338 1238 378 conciliare

109 386 260 425 animos
282 388 502 439 hominum,
524 400 561 430 et
585 392 634 430 ad
660 406 752 432 usus
778 406 864 433 suos
889 394 1112 446 adjungere.
1153 393 1237 432 Ita-

108 452 200 491 que,
221 455 309 493 quae
327 443 367 482 in
389 447 502 484 rebus
521 445 716 496 inanimis,
735 461 900 500 quaeque
916 449 959 486 in
977 462 1052 487 usu
1078 454 1116 486 et
1137 454 1236 486 trac-

108 494 252 534 tatione
269 497 503 548 belluarum,
524 500 623 539 fiunt
643 501 786 540 utiliter
807 503 857 541 ad
874 502 1080 542 hominum
1097 501 1234 550 vitam,

107 549 255 589 artibus
288 565 332 590 ea
368 554 590 594 tribuuntur
628 556 821 608 operosis:
862 556 1069 596 hominum
1101 563 1234 595 autem

108 604 248 654 studia,
269 606 319 644 ad
337 608 676 659 amplificationem
695 618 912 650 nostrarum
931 624 1060 650 rerum
1083 618 1237 663 promta

107 670 152 696 ac
170 667 317 720 parata,
338 661 508 702 virorum
533 664 799 716 praestantium
823 665 1011 718 sapientia
1035 672 1075 705 et
1095 664 1236 704 virtute

105 722 333 758 excltantur.

159 767 319 807 Etenim
340 770 459 810 virtus
478 772 604 811 omnis
622 773 745 813 tribus
762 774 803 812 in
821 775 935 813 rebus
953 773 1032 813 fere
1050 772 1234 819 vertitur;

105 833 273 872 quarum
299 836 377 863 una
402 833 459 864 est
484 826 525 865 in
549 828 826 879 perspiciendo,
847 828 942 880 quid
960 829 1001 867 in
1019 828 1176 880 quinque
1193 841 1236 867 re

105 888 240 915 verum
267 877 534 933 sincerumque
560 881 621 930 sit,
643 882 738 934 quid
762 890 1060 923 consentaneum
1078 881 1234 934 cuique,

104 930 201 981 quid
233 945 480 986 consequens,
515 949 564 975 ex
596 949 675 988 quo
701 951 867 990 quaeque
893 937 1117 990 gignantur,
1145 949 1235 988 quae

102 985 292 1039 cujusque
324 989 379 1027 rei
409 1002 525 1028 causa
561 990 637 1038 sit;
680 991 862 1042 alterum,
898 991 1075 1031 cohibere
1104 998 1237 1030 motus

102 1039 224 1079 animi
244 1043 429 1093 turbatos,
451 1057 547 1096 quos
574 1045 701 1086 Graeci
728 1047 830 1091 Παθη
857 1046 1085 1091 nominant;
1115 1058 1234 1098 appe-

102 1092 347 1148 titionesque,
368 1110 464 1149 quas
489 1099 547 1137 illi
570 1100 728 1150 Ὸρμας,
754 1101 975 1140 obedientes
1000 1099 1146 1140 efficere
1171 1112 1234 1138 ra-

101 1147 219 1196 tioni;
245 1151 416 1199 tertium,
437 1152 497 1202 iis,
514 1153 747 1205 quibuscum
763 1167 1056 1207 congregamur,
1075 1154 1134 1192 uti
1147 1166 1232 1192 mo-

101 1201 231 1242 derate
260 1212 298 1243 et
325 1205 498 1255 scienter,
529 1220 696 1260 quorum
725 1209 862 1248 studiis
888 1222 947 1258 ea,
976 1222 1065 1261 quae
1092 1214 1232 1247 natura

101 1255 304 1307 desiderat,
325 1261 477 1312 expleta
495 1262 770 1316 cumulataque
793 1263 1031 1310 habeamus;
1060 1275 1129 1314 per
1150 1275 1232 1301 eos-

100 1310 283 1364 demque,
304 1314 336 1352 si
362 1315 457 1366 quid
482 1315 711 1368 importetur
736 1317 846 1357 nobis
869 1316 1119 1365 incommodi,
1142 1329 1231 1368 pro-

98 1366 313 1417 pulsemus,
330 1369 636 1423 ulciscamurque
650 1384 728 1419 eos,
744 1371 813 1424 qui
827 1384 963 1411 nocere
981 1371 1091 1410 nobis
1104 1371 1230 1410 conati

99 1420 191 1470 sint,
224 1422 410 1475 tantaque
442 1425 556 1476 poena
588 1424 815 1475 afficiamus,
848 1433 1036 1479 quantam
1069 1425 1231 1477 aequitas

99 1473 399 1529 humanitasque
417 1478 598 1530 patiatur.

154 1529 232 1570 VI.
273 1530 430 1578 Quibus
462 1541 593 1572 autem
624 1533 837 1574 rationibus
869 1534 969 1574 hanc
1004 1533 1229 1573 facultatem

97 1584 248 1637 assequi
267 1586 472 1637 possimus,
492 1594 537 1626 ut
551 1587 756 1627 hominum
771 1588 900 1628 studia
911 1589 1230 1640 complectamur,

97 1652 220 1691 eaque
247 1646 460 1689 teneamus,
489 1641 688 1690 dicemus;
724 1656 850 1695 neque
876 1643 932 1682 ita
959 1643 1086 1682 multo
1111 1649 1199 1695 post
1214 1657 1226 1681 z

96 1693 164 1732 sed
181 1707 305 1746 pauca
322 1702 412 1734 ante
428 1695 591 1735 dicenda
615 1704 716 1736 sunt.
757 1697 951 1750 Magnam
976 1697 1056 1736 vim
1081 1709 1162 1736 esse
1184 1697 1227 1736 in

96 1746 254 1787 fortuna
272 1748 313 1788 in
332 1757 538 1802 utramque
556 1759 721 1803 partem,
741 1752 801 1791 vel
821 1751 1005 1791 secundas
1022 1750 1072 1790 ad
1090 1764 1149 1791 τω
1167 1751 1230 1790 vel

96 1801 288 1851 adversas,
316 1803 403 1856 quis
428 1804 608 1856 ignorat?
641 1818 734 1844 nam
752 1813 804 1855 et,
823 1819 915 1845 cum
933 1818 1115 1858 prospero
1132 1805 1228 1844 flatu

96 1857 181 1905 ejus
200 1857 362 1906 utimur,
383 1858 433 1900 ad
448 1859 572 1898 exitus
591 1860 837 1912 pervehimur
859 1867 1034 1913 optatos3
1064 1867 1116 1909 et,
1135 1873 1226 1899 cum

97 1910 260 1961 reflavit,
279 1911 502 1964 affligimur.
544 1914 642 1953 Haec
663 1914 783 1966 igitur
799 1914 884 1966 ipsa
901 1914 1057 1954 fortuna
1073 1921 1228 1954 caetcros

96 1977 206 2004 casus
225 1966 384 2005 rariores
402 1967 544 2015 habet3
575 1969 762 2020 primum,
786 1970 835 2008 ab
857 1968 1054 2018 inanimis,
1080 1969 1226 2020 procel-

95 2018 167 2066 las,
188 2027 448 2072 tempestates,
464 2022 680 2074 naufragia,
695 2023 839 2071 ruinas,
853 2023 1050 2070 incendia3
1071 2022 1225 2070 deinde,

94 2086 120 2111 a
137 2074 282 2125 bestiis,
303 2074 416 2123 ictus,
436 2089 601 2125 morsus,
621 2077 800 2129 impetus.
831 2077 929 2116 Haec
948 2090 1052 2129 ergo,
1069 2084 1112 2115 ut
1126 2076 1224 2125 dixi,

93 2127 248 2168 rariora.
289 2129 349 2168 At
377 2143 467 2169 vero
492 2131 669 2170 interitus
697 2131 950 2179 exercituum,
980 2139 1025 2170 ut
1049 2131 1226 2183 proxime

90 2181 225 2232 trium,
247 2196 346 2236 saepe
369 2185 611 2234 multorum3
633 2185 758 2229 clades
772 2186 1064 2239 imperatorum,
1087 2192 1130 2224 ut
1151 2197 1224 2224 nu-
