1470 2402
320 87 399 129 DE
428 87 691 139 OFFICIIS,
709 89 810 129 1418.
829 90 887 130 11.
901 87 1009 129 CAP.
1025 81 1097 127 23.'
1193 87 1276 125 285

150 194 278 234 Nulla
309 205 440 237 autem
475 212 516 238 re
552 199 752 238 conciliare
787 199 938 238 facilius
974 195 1279 237 benevolentiam

149 250 411 292 multitudinis
429 262 589 306 possunt
603 255 630 292 ii
649 255 718 306 qui
729 254 949 306 reipublicae
963 259 1148 306 praesunt,
1161 263 1282 303 quam

150 305 383 346 abstinentia
401 316 438 346 et
456 308 703 348 continentia.

206 359 290 408 Qui
308 375 395 401 vero
414 375 453 401 se
470 364 674 415 populares
693 363 842 411 volunt,
863 363 912 401 ob
938 374 1101 413 eamque
1120 372 1276 399 causam

150 420 220 452 aut
238 416 427 466 agrariam
446 431 528 456 rem
547 425 710 465 tentant,
724 426 768 456 ut
782 430 1010 470 possessores
1028 416 1106 454 suis
1120 414 1275 453 sedibus

150 467 360 519 pellantur,
391 478 459 510 aut
486 473 666 524 pecunias
694 472 854 511 creditas
878 471 1114 510 debitoribus
1141 468 1282 508 condo-

151 523 299 563 nandas
317 533 483 577 putant;
513 527 540 564 ii
569 527 801 565 labefactant
824 526 1079 564 fundamenta
1097 523 1282 576 reipubli-

149 588 232 624 cae3
263 580 505 619 concordiam
523 582 711 633 primum,
733 595 821 633 quae
839 594 918 619 esse
937 593 1014 619 non
1032 586 1170 632 potest,
1192 590 1282 616 cum

150 631 236 670 aliis
255 633 496 683 adimuntur,
517 636 601 674 aliis
629 635 893 675 condonantur
918 635 1114 686 pecuniae3
1146 631 1284 670 deinde

150 687 387 738 aequitatem,
409 703 497 742 quae
516 691 664 729 tollitur
683 690 823 737 omnis,
846 690 877 727 si
899 689 1040 728 habere
1066 700 1182 727 suum
1201 686 1282 725 cui-

149 753 228 792 que
246 754 323 780 non
342 743 441 782 licet.
482 745 530 783 Id
549 745 652 783 enim
673 753 728 784 est
746 744 946 796 proprium
963 747 1024 787 (ut
1047 755 1163 794 supra
1180 740 1281 788 dixi)

149 795 312 836 civitatis
330 806 446 850 atque
464 799 586 847 urbis,
607 807 652 837 ut
670 799 718 838 sit
736 799 857 838 libera
876 806 914 836 et
931 810 1010 837 non
1029 796 1193 836 sollicita
1204 807 1284 835 suae

149 849 206 888 rei
223 852 411 904 cujusque
430 853 614 892 custodia.

204 905 354 958 Atque,
375 907 415 945 in
445 907 517 946 hac
540 907 706 960 pernicie
729 907 963 959 reipublicae,
984 919 1033 945 ne
1057 906 1167 944 illam
1194 903 1282 957 qui-

147 958 239 998 dem
267 969 568 1018 consequuntur,
596 975 716 1014 quam
746 969 899 1014 putant,
933 961 1110 1013 gratiam.
1152 960 1276 1006 Nam,

148 1014 213 1052 cui
231 1027 289 1053 τω
307 1024 436 1067 erepta
455 1024 524 1064 est,
546 1024 602 1055 αεὶ
623 1016 829 1063 inimicus;
860 1015 921 1055 cui
940 1015 1045 1065 data,
1067 1015 1183 1053 etiam
1203 1013 1281 1052 dis-

147 1067 308 1107 simulat
324 1083 364 1108 se
383 1070 550 1123 accipere
570 1071 758 1110 voluisse:
790 1079 827 1109 et
851 1070 1022 1111 maxime
1040 1069 1082 1107 in
1107 1068 1281 1121 pecuniis

148 1123 300 1162 creditis
337 1125 502 1164 occultat
530 1138 647 1164 suum
684 1125 888 1178 gaudium,
919 1137 968 1163 ne
999 1123 1172 1162 videatur
1202 1134 1281 1161 non

146 1176 267 1217 fuisse
286 1179 478 1219 solvendo.
521 1180 581 1218 At
606 1193 695 1219 vero
720 1180 799 1228 ille,
821 1179 889 1232 qui
915 1178 1053 1230 accipit
1077 1177 1277 1229 injuriam,

150 1239 190 1270 et
213 1233 406 1282 meminit,
435 1241 472 1272 et
495 1248 575 1286 prae
601 1248 640 1273 se
664 1234 738 1273 fert
762 1234 934 1273 dolorem
960 1246 1076 1272 suum
1093 1232 1218 1281 inec,
1248 1231 1281 1270 si

150 1287 280 1338 plures
299 1295 390 1326 sunt
403 1288 445 1338 ii,
465 1289 607 1341 quibus
630 1289 804 1341 improbe
822 1288 957 1328 datum
979 1295 1048 1336 est,
1071 1299 1192 1340 quam
1217 1286 1277 1325 ini

151 1341 294 1393 quibus
319 1341 461 1391 injuste
479 1343 686 1384 'ademtum
709 1352 778 1393 est,
801 1342 940 1382 idcirco
962 1342 1050 1396 plus
1073 1342 1190 1380 etiam
1215 1353 1283 1379 va-

150 1395 243 1434 lent.
274 1396 316 1434 N
318 1409 368 1435 on
383 1397 488 1436 enim
502 1410 664 1437 numero
677 1398 759 1440 haec
770 1397 1007 1448 judicantur,
1022 1396 1086 1436 sed
1101 1394 1282 1448 pondere.

150 1449 287 1498 Quam
301 1459 431 1490 autem
445 1452 562 1491 habet
580 1453 816 1505 aequitatem,
832 1460 877 1490 ut
888 1464 1041 1504 agrum,
1062 1450 1197 1489 multis
1211 1461 1280 1487 an-

149 1504 210 1542 nis
228 1512 296 1543 aut
314 1505 431 1544 etiam
446 1507 593 1546 saeculis
607 1516 696 1546 ante
709 1519 939 1558 possessum,
953 1506 1022 1558 qui
1040 1505 1195 1549 nullum
1209 1504 1280 1542 ha-

149 1558 250 1606 buit,
270 1559 435 1606 habeat;
466 1560 535 1614 qui
553 1568 683 1600 autem
701 1561 852 1610 habuit,
873 1559 1025 1599 amittat
1041 1561 1059 1599 ἓ

204 1612 376 1653 ΧΧΙΙῙ.
405 1615 484 1663 Ac,
503 1623 659 1668 propter
676 1615 749 1654 hoc
767 1615 919 1665 injuriae
937 1627 1073 1666 genus,
1094 1612 1277 1652 Lacedae-

149 1667 273 1706 monii
285 1667 533 1719 Lysandrum
547 1670 735 1721 ephorum
747 1669 1001 1721 expulerunt;
1022 1667 1132 1719 Agin
1143 1679 1276 1719 regem

152 1721 276 1773 (quod
304 1734 507 1774 nunquam
531 1732 644 1763 antea
669 1723 774 1775 apud
799 1736 862 1762 eos
890 1723 1092 1770 acciderat)
1120 1734 1278 1761 necave-

150 1784 243 1814 runt
260 1790 270 1814 ε
301 1789 349 1814 ex
364 1790 485 1829 eoque
499 1785 670 1830 tempore
681 1786 797 1817 tantae
810 1777 1007 1816 discordiae
1021 1784 1159 1816 secutae
1173 1783 1278 1826 sunt,

150 1838 196 1869 ut
214 1837 252 1869 et
269 1832 424 1882 tyranni
443 1833 678 1881 exsisterent,
699 1840 737 1871 et
755 1832 958 1886 optimates
977 1831 1278 1870 exterminaren-

150 1892 229 1933 tur,
258 1892 296 1924 et
319 1886 608 1937 praeclarissime
625 1886 831 1926 constituta
854 1886 1070 1938 respublica
1091 1885 1278 1923 dilabere-

151 1947 215 1978 tur
231 1954 242 1977 ε
273 1951 343 1978 nec
375 1953 464 1979 vero
496 1941 622 1979 solum
653 1942 737 1993 ipsa
769 1940 917 1989 cecidit,
949 1940 1015 1979 sed
1047 1940 1163 1978 etiam
1189 1939 1278 1977 reli-

151 2006 272 2046 quam
291 1993 482 2033 Graeciam
498 1996 632 2034 evertit
645 1995 935 2047 contagionibus
948 1995 1156 2041 malorum,
1173 2007 1276 2046 quae,

150 2061 175 2086 a
200 2047 503 2089 Lacedaemoniis
526 2050 718 2102 profectae,
739 2048 947 2088 manarunt
965 2049 1092 2090 latius.
1132 2048 1243 2097 Quid
1257 2050 1276 2087 Ρ

149 2109 298 2142 nostros
328 2102 536 2153 Gracchos,
569 2104 636 2143 Ti.
668 2104 848 2153 Gracchi,
874 2103 1019 2143 summi
1050 2102 1136 2152 viri,
1162 2102 1276 2150 filios,

150 2156 330 2250 aiefrioeng
355 2166 526 2211 nepotes,
546 2171 674 2200 nonne
698 2159 856 2211 agrariae
874 2157 1133 2200 contentiones
1151 2156 1278 2210 perdi-

202 2218 293 2250 runt
1264 2235 1266 2238 ·
