1470 2402
227 108 307 147 294
391 102 469 143 DE
498 103 761 155 omens,
793 105 892 145 Lm.
915 105 998 146 111.
1029 105 1135 146 cir.
1155 105 1196 144 3,

232 228 322 255 cum
340 214 537 253 honestate
555 225 739 265 pugnare.
775 214 867 263 Sed,
894 228 984 254 cum
1010 214 1060 254 sit
1083 214 1131 264 is,
1151 213 1221 267 qui
1237 211 1279 251 id
1297 225 1358 253 so-

231 271 316 308 lum
334 270 481 307 bonum
498 268 657 318 judicet,
677 269 782 321 quod
800 270 1005 308 honestum
1018 269 1092 315 sit3
1122 282 1210 321 quae
1227 274 1358 306 autem

233 324 324 363 huic
335 330 550 385 repugnent
564 322 685 374 specie
699 323 870 385 quadam
883 323 1073 371 utilitatis,
1089 335 1223 362 eorum
1234 333 1360 374 neque

234 378 444 418 aoeessione
462 377 660 415 meliorem
679 378 799 416 vitam
817 378 913 426 fieri,
937 391 1007 417 nec
1024 377 1237 416 decessione
1253 376 1361 427 pejo-

236 446 344 478 rem;
375 443 453 469 non
483 431 634 469 videtur
653 432 841 481 ejusmodi
860 432 1034 471 debuisse
1051 431 1363 470 deliberationem

236 486 490 533 introducere,
521 485 562 523 in
593 499 685 537 qua,
714 487 818 539 quod
847 487 941 526 utile
966 486 1170 534 videretur,
1201 498 1291 524 cum
1320 496 1365 522 eo

240 541 346 594 quod
370 540 573 578 honestum
593 547 700 589 esset,
721 549 1014 593 compararetur.
1058 539 1231 587 Etenim,
1261 537 1366 591 quod

242 607 443 634 summum
468 596 616 632 bonum
642 607 666 632 a
692 595 828 634 Stoicis
856 595 1008 645 dicitur,
1041 598 1070 618 “
1087 593 1368 634 convenienter

242 658 390 689 naturae
404 648 557 697 vivere,’
561 648 631 686 'id
644 648 761 688 habet
773 650 886 698 hanc,
902 657 947 688 ut
960 650 1108 702 opinor,
1125 647 1367 695 sententiam,

243 717 333 744 cum
360 703 499 741 virtute
518 715 725 754 congruere
749 717 923 756 semper;
954 712 1089 743 caetera
1105 711 1250 750 autem,
1280 714 1368 754 quae

243 758 455 798 secundum
485 765 664 796 naturam
690 766 826 806 essent,
856 758 911 797 ita
938 758 1078 820 legere,
1109 758 1142 796 si
1171 770 1215 796 ea
1238 755 1372 795 virtuti

244 826 323 852 non
337 819 605 873 repugnarent.
636 812 755 860 Quod
773 826 863 852 cum
880 813 936 851 ita
955 813 1017 860 sit,
1038 818 1177 864 putant
1195 810 1369 864 quidam,

243 868 345 907 hanc
363 867 685 918 comparationem
704 880 781 906 non
799 874 899 906 reete
915 867 1188 914 introductam,
1207 878 1277 904 nec
1290 877 1374 903 om-

245 922 338 961 nino
363 921 410 959 de
440 934 484 959 eo
514 933 651 972 genere
676 922 890 974 quidquam
914 920 1215 974 praecipiendum
1243 919 1373 958 fuisse.

247 977 383 1028 Atque
401 975 500 1013 illud
514 975 671 1027 quidem
685 977 904 1025 honestum,
925 975 1029 1028 quod
1047 975 1198 1027 proprie
1212 986 1375 1026 vereque

248 1031 402 1077 dicitur,
430 1029 470 1067 id
493 1030 534 1067 in
561 1043 642 1081 sap:
632 1030 795 1069 entibus
820 1039 876 1069 est
901 1030 1002 1078 solis,
1034 1042 1160 1091 neque
1184 1042 1208 1067 a
1236 1028 1377 1067 virtute

249 1085 312 1123 div
316 1085 380 1123 elli
404 1097 579 1135 unquam
604 1093 753 1136 potest;
782 1085 823 1122 in
848 1085 894 1122 iis
919 1092 1062 1131 autem,
1091 1083 1133 1121 in
1158 1082 1299 1135 quibus
1317 1095 1376 1121 sa-

248 1139 394 1191 pientia
423 1138 589 1189 perfecta
619 1151 696 1176 non
726 1147 795 1185 est,
827 1140 955 1190 ipsum
980 1138 1078 1176 illud
1108 1137 1266 1189 quidem
1290 1149 1377 1189 per-

250 1194 398 1232 fectum
423 1192 628 1230 honestum
654 1193 762 1230 nullo
781 1193 911 1242 modo,
939 1191 1206 1231 similitudines
1230 1190 1380 1230 honesti

251 1260 330 1287 esse
349 1254 520 1298 possunt.

309 1301 406 1339 Haec
431 1301 535 1339 enim
554 1300 683 1338 omnia
701 1300 838 1348 officia,
859 1300 907 1339 de
925 1300 1066 1352 quibus
1084 1300 1144 1339 1115
1168 1299 1275 1339 libris
1300 1299 1378 1339 dis-

252 1363 450 1409 putamus,
484 1354 612 1393 media
650 1355 767 1394 Stoici
804 1355 1010 1407 appellant.
1058 1354 1121 1393 Ea
1157 1355 1379 1394 communia

256 1418 360 1457 sunt,
388 1416 425 1448 et
453 1410 529 1447 late
553 1416 711 1460 patent;
742 1423 830 1461 quae
854 1417 892 1448 et
910 1409 1054 1460 ingenii
1071 1409 1241 1448 bonitate
1265 1409 1383 1447 multi

255 1471 526 1516 assequuntur,
554 1471 591 1501 et
619 1463 878 1515 progressione
906 1463 1098 1502 discendi:
1129 1463 1227 1501 illud
1252 1471 1382 1502 autem

256 1518 441 1565 officium,
471 1517 576 1570 quod
605 1526 753 1556 rectum
782 1518 898 1556 iidem
929 1518 1138 1570 appellant,
1171 1517 1384 1569 perfectum

257 1580 374 1624 atque
393 1573 614 1610 absolutum
633 1580 702 1619 est,
724 1580 761 1611 et
775 1575 836 1615 (ut
854 1572 971 1611 iidem
990 1572 1139 1619 dicunt)
1159 1584 1291 1611 omnes
1310 1585 1384 1610 nu·

258 1640 383 1666 meros
397 1627 539 1673 habet3
561 1639 645 1669 nec,
658 1635 795 1678 praeter
809 1627 1032 1678 sapientem,
1049 1626 1181 1665 cadere
1194 1626 1235 1664 in
1249 1639 1385 1678 quem-

259 1694 378 1733 quam
398 1689 532 1732 potest.
576 1681 679 1720 Cum
699 1689 828 1719 autem
847 1681 993 1733 aliquid
1012 1688 1140 1719 actum
1160 1688 1228 1728 est,
1248 1680 1289 1718 111
1309 1693 1387 1732 quo

259 1736 388 1774 media
412 1735 536 1774 officia
565 1743 822 1787 compareant,
849 1735 890 1772 id
915 1735 1108 1773 cumulate
1132 1734 1283 1773 videtur
1307 1747 1387 1773 esse

260 1790 499 1841 perfectum,
489 1803 498 1813 ·
521 1797 718 1841 propterea
737 1789 841 1841 quod
860 1789 1014 1841 vulgus,
1035 1789 1129 1841 quid
1144 1789 1242 1827 absit
1260 1802 1283 1827 a
1300 1801 1387 1840 per-

259 1844 374 1892 fecto,
395 1856 471 1882 non
491 1843 569 1882 fere
587 1844 791 1894 intellig-iu
822 1843 1012 1895 quatenus
1035 1851 1164 1882 autem
1189 1843 1384 1894 intelligit,

261 1898 361 1936 nihil
375 1906 485 1950 putat
499 1898 809 1959 praetermissum.
853 1898 995 1946 Quod
985 1906 1078 1936 1tem
1093 1897 1133 1935 in
1147 1897 1388 1948 poematibus

261 1961 301 1991 et
319 1952 476 2004 picturis
494 1965 566 1990 usu
586 1952 703 2000 venit,
724 1952 764 1989 in
783 1951 944 2004 ahisque
962 1952 1237 2003 compluribus,
1258 1959 1302 1989 ut
1320 1951 1386 1989 de-

263 2007 452 2045 lectentur
475 2006 657 2058 imperiti,
677 2006 911 2058 laudentque
931 2019 975 2044 ea
993 2020 1081 2068 quae
1097 2004 1292 2043 laudanda
1309 2017 1386 2043 non

264 2061 354 2105 sint,
375 2063 424 2099 ob
443 2073 528 2099 eam
544 2060 687 2107 (credo)
703 2073 871 2107 causam,
893 2060 996 2112 quod
1010 2060 1100 2098 insit
1113 2059 1153 2097 in
1167 2060 1227 2097 his
1242 2059 1390 2110 aliquid

266 2115 391 2165 probi,
419 2114 523 2166 quod
549 2114 673 2176 capiat
696 2114 862 2165 ignaros,
883 2115 950 2166 qui
969 2114 1099 2161 iidem,
1120 2113 1244 2165 quid
1233 2125 1273 2150 111
1292 2126 1391 2151 una-

268 2182 320 2219 ql
324 2181 423 2221 aque
441 2182 482 2207 re
500 2168 583 2206 vitii
601 2168 663 2215 sit,
683 2176 875 2220 nequeant
890 2168 1072 2218 judicare.
1122 2168 1273 2219 Itaque,
1301 2179 1391 2206 cum

267 2230 356 2261 sunt
375 2222 474 2261 docti
494 2235 515 2260 a
534 2222 677 2274 peritis,
699 2222 809 2261 facile
828 2223 1013 2261 desistunt
1033 2236 1054 2260 a
1074 2221 1272 2260 sententia.
