1470 2402
146 85 226 124 306
294 82 373 122 DE
402 81 667 132 OFFICIIS,
698 82 798 122 Lm.
821 81 905 121 ΙΙΙ.
935 81 1042 122 CAP.
1066 80 1128 122 12'.

147 191 382 241 scenderent.⁹
401 187 696 244 libertatemque
709 187 868 230 Graeciae
882 191 999 230 classe
1012 190 1274 242 defenderem

149 247 348 299 Cyrsilum
374 247 598 299 quemdam,
631 246 855 284 suadentem
885 253 931 283 ut
955 246 997 284 in
1022 247 1118 285 urbe
1142 259 1275 286 mane-

150 309 248 349 rent,
284 302 534 353 Xerxemque
570 301 792 352 reciperent,
825 299 1021 351 lapidibus
1051 301 1275 340 obruerunt.

149 356 287 407 Atque
304 356 370 394 ine
388 356 595 394 utilitatem
618 355 727 406 sequi
751 354 974 393 videbatur.
965 368 975 378 ·
1006 354 1072 393 sed
1099 367 1144 393 ea
1168 355 1279 394 nulla

151 418 245 455 erat..
265 418 503 462 repugnante
521 410 729 448 honestate.

207 464 500 511 Themistocles,
521 472 607 525 post
627 463 824 502 victoriam
843 463 926 513 ejus
943 462 1036 502 belli
1058 462 1164 515 quod
1187 475 1278 503 cum

153 518 280 557 Persis
307 518 396 565 fuit,
427 519 524 556 d‘mit
551 519 592 556 in
619 518 813 564 concione,
849 530 889 556 se
910 515 1051 556 habere
1074 517 1279 556 consilium

152 573 374 624 reipublicae
393 573 571 620 salutare,
592 572 657 611 sed
676 572 716 610 id
736 571 822 611 sciri
839 584 936 623 opus
954 584 1032 610 non
1051 584 1142 611 esse.
1183 571 1279 611 Pos-

152 627 305 675 tulavit,
325 636 371 665 ut
396 627 567 679 aliquem
591 627 758 679 populus
784 626 904 673 daret,
925 627 1087 678 quicum
1105 639 1281 665 commu-

153 682 320 720 nicaret:
351 681 463 719 datus
482 690 538 720 oet
556 681 759 720 Aristides.
802 680 909 718 Huic
922 680 1002 728 ille,
1024 680 1183 719 classem
1202 680 1283 719 Lae

154 736 491 784 oedaemoniomm,
526 749 614 788 quae
645 735 834 774 subducta
863 743 959 773 esset
985 734 1035 772 ad
1064 734 1280 787 Gytheum,

155 791 254 828 clam
287 790 440 829 incendi
471 803 606 842 posse;
647 803 724 842 quo
752 789 852 828 facto
878 788 1005 840 frangi
1033 789 1282 829 Lacedaemo-

155 846 310 883 niorum
329 858 419 896 opes
438 857 587 883 necesse
607 852 713 883 esset.
756 843 875 892 Quod
896 843 1087 882 Aristides
1105 856 1195 882 cum
1213 857 1284 883 au-

157 899 287 946 disset,
327 899 368 937 in
405 899 625 938 concionem
658 899 802 950 magna
834 898 1114 949 exspectatione
1150 899 1283 945 venit;

157 953 346 1005 dixitque,
367 954 528 1005 perutile
547 967 626 992 esse
644 953 862 1001 consilium,
890 952 995 1005 quod
1009 952 1288 993 Themistocles

158 1008 323 1055 afferret,
340 1008 407 1046 sed
425 1008 586 1046 minime
604 1008 820 1047 honestum.
859 1006 996 1058 Itaque
1013 1007 1286 1056 Athenienses,

159 1062 264 1114 quod
283 1062 488 1101 honestum
508 1075 586 1100 non
605 1070 715 1110 esset,
735 1061 776 1099 id
801 1074 850 1100 ne
874 1061 969 1100 utile
994 1061 1151 1113 quidem
1173 1070 1287 1114 puta-

160 1125 316 1154 verunt:
342 1125 541 1168 totamque
559 1130 644 1154 eam
664 1129 760 1163 rem,
782 1128 902 1168 quam
920 1128 969 1154 ne
986 1115 1187 1154 audierant
1200 1117 1287 1169 qui-

160 1171 264 1217 dem,
293 1179 446 1209 auctore
473 1171 659 1217 Aristide,
693 1170 1002 1222 repudiaverunt.
1046 1169 1195 1209 Melius
1226 1171 1284 1219 111,

160 1238 280 1276 quam
310 1238 392 1274 nos,
422 1225 491 1277 qui
518 1225 659 1276 piratas
686 1224 893 1272 immunes,
922 1224 1041 1263 socios
1067 1224 1284 1276 vectigales,

160 1280 359 1318 habemus.

216 1333 319 1372 XII.
350 1333 513 1372 Maneat
538 1347 641 1385 ergo,
662 1333 767 1385 quod
792 1341 904 1385 turpe
929 1333 991 1381 sit,
1014 1332 1055 1371 id
1080 1345 1284 1386 nunquam

162 1401 241 1427 esse
259 1388 367 1435 utile,
389 1401 437 1426 ne
455 1396 541 1426 tum
561 1388 732 1440 quidem,
761 1401 849 1427 cum
875 1388 929 1434 id,
957 1387 1061 1439 quod
1087 1401 1165 1427 esse
1189 1389 1286 1427 utile

161 1450 288 1494 putes,
322 1442 541 1494 adipiscare.
590 1443 680 1481 Hoc
710 1442 813 1481 enim
846 1442 990 1494 ipsum,
1022 1442 1118 1480 utile
1149 1450 1286 1495 putare

162 1496 267 1549 quod
286 1505 397 1548 turpe
416 1497 477 1545 sit,
498 1497 765 1536 calamitosum
784 1505 851 1535 est.

217 1551 294 1590 Sed
312 1548 487 1590 i'ncidunt
505 1555 567 1595 (ut
585 1565 701 1603 supra
719 1551 818 1597 dixi)
844 1563 944 1603 saepe
962 1564 1099 1599 causae,
1120 1564 1209 1590 cmn
1227 1565 1288 1591 re-

163 1618 341 1708 {3333
354 1605 1289 1712 ssssffnsszssssfflissssozsss‘fflffizffl

165 1715 360 1766 conjungi.
391 1714 490 1764 Ejus
508 1715 657 1766 generis
675 1715 736 1753 hae
755 1722 844 1753 sunt
864 1714 1115 1766 quaestiones:
1143 1715 1186 1754 Si
1205 1718 1291 1757 (ex-

164 1769 284 1820 empli
296 1768 435 1820 gratia)
449 1769 505 1807 vir
515 1771 640 1808 bonus
651 1769 893 1808 Alexandria
905 1768 1093 1807 Rhodum
1104 1781 1294 1821 magnum

165 1823 351 1861 frumenti
374 1836 579 1862 numerum
605 1823 800 1862 advexerit
824 1824 865 1862 in
892 1822 1136 1862 Rhodiorum
1160 1823 1292 1875 inopia

166 1886 204 1915 et
223 1877 339 1924 fame,
359 1876 587 1929 summaque
605 1890 768 1916 annonae
785 1878 964 1923 caritate3
995 1877 1027 1916 si
1051 1877 1155 1915 idem
1182 1878 1289 1924 sciat,

166 1932 382 1982 complures
406 1941 632 1972 mercatores
653 1932 894 1971 Alexandria
912 1932 1080 1977 solvisse,
1100 1943 1293 1984 navesque

166 1985 207 2022 in
227 1998 353 2032 cursu,
374 1985 567 2025 frumento
585 1996 755 2034 onustas,
774 1993 945 2039 petentes
963 1985 1164 2034 Rhodum,
1186 1986 1290 2025 vide-

167 2040 246 2083 rit;
287 2039 506 2079 dicturusne
538 2041 586 2079 sit
622 2041 662 2079 id
695 2041 874 2089 Rhodiis,
907 2052 956 2078 an
989 2040 1140 2079 silentio
1171 2053 1287 2086 51111111

169 2106 288 2145 quam
307 2094 474 2144 plurimo
493 2095 745 2134 venditurus⁹
774 2095 996 2147 Sapientem
1010 2103 1049 2133 et
1066 2096 1212 2132 bonum
1231 2094 1290 2132 vi-

169 2160 257 2186 rum
276 2148 482 2200 fingimus:
507 2149 554 2189 de
573 2151 655 2199 ejus
672 2149 943 2189 deliberatione
961 2157 998 2188 et
1016 2149 1292 2188 consultatione
