1470 2402
248 112 303 150 23
358 110 437 150 DE
456 111 876 164 DIVINATIONE,
899 113 1261 155 11113.1.CA1›.32.

244 218 285 258 Ο
303 221 443 270 poe‘ma
459 226 632 259 tenerum
647 229 685 260 et
702 229 896 262 moratum
915 230 1032 275 atque
1049 223 1194 262 molle!
1215 222 1281 262 sed
1293 222 1368 262 hoc

247 273 377 311 minus
391 274 440 311 ad
458 287 551 312 rem.
583 276 704 324 Illud,
725 277 829 328 quod
847 277 1042 326 volumus,
1062 289 1284 330 expraesum
1298 284 1369 326 aet,

247 333 293 365 ut
311 327 508 366 vaticinari
526 329 634 367 furor
651 343 739 369 vera
757 331 886 369 soleat.

297 424 327 445 ‘⁶
345 422 484 473 Adest,
511 423 617 463 adest
644 424 712 463 fax
742 426 925 464 obvoluta
953 425 1140 478 sanguine
1164 432 1281 478 atque
1304 424 1364 464 in-

298 452 588 571 Multgssniiiiiios
612 533 739 571 latuit.
769 533 896 583 Cives,
916 533 1012 573 ferte
1029 546 1158 586 opem,
1177 540 1217 572 et
1232 532 1367 571 restin-

407 585 557 636 guite.’'

240 672 349 764 Peus
373 673 542 714 inclusus
561 682 715 727 corpore
732 675 904 715 humano
919 676 1018 726 jam,
1038 688 1117 715 non
1137 673 1363 725 Cassandra,

260 735 439 778 oqmtur:

296 816 325 837 “
340 814 513 866 Jamque
530 816 630 854 mari
648 829 790 867 magno
809 816 939 855 classis
959 816 1033 855 cita

297 868 488 906 Texitur:
521 870 682 908 exitium
701 883 862 908 examen
883 870 1007 922 rapit:

295 922 483 971 Advenit,
505 932 542 962 et
560 924 639 961 fera
658 924 950 962 velivolantibus

297 976 470 1015 Navibu'
491 978 696 1030 complevit
714 978 846 1016 manu’
865 977 1021 1017 litora.''

296 1085 484 1125 ΧΧΧΙΙ.
515 1086 739 1138 Tragoedias
756 1088 865 1141 loqui
883 1087 1025 1137 videor,
1047 1095 1084 1126 et
1102 1087 1279 1127 fabulas?
1308 1087 1367 1126 At

242 1153 291 1179 ex
310 1148 347 1178 te
365 1140 446 1192 ipso
465 1153 543 1179 non
563 1142 868 1180 commenticiam
887 1155 982 1191 rem,
1004 1142 1069 1181 sed
1088 1142 1242 1191 factam,
1266 1143 1367 1192 ejus-

242 1194 332 1232 dem
363 1195 511 1245 generis
544 1195 697 1233 audivi:
739 1196 784 1234 C.
820 1196 1040 1258 Coponium
1072 1196 1122 1234 ad
1153 1204 1192 1235 te
1221 1197 1368 1234 venisse

243 1247 502 1299 Dyrrhachio,
537 1262 625 1287 cum
657 1250 833 1301 praetorio
865 1251 1027 1302 imperio
1059 1250 1168 1288 classi
1202 1250 1367 1289 Rhodiae

240 1311 432 1353 praeaeset,
453 1303 676 1354 cumprimis
694 1303 891 1342 hominem
905 1304 1134 1356 prudentem
1148 1311 1263 1356 atque
1277 1303 1367 1342 doc-

243 1364 352 1393 tum:
385 1369 552 1408 eumque
577 1357 730 1405 dixisse,
760 1358 945 1409 remigem
971 1358 1180 1434 quemdam
1204 1371 1225 1396 e
1249 1357 1365 1419 quin-

241 1410 416 1470 queremi
435 1411 678 1450 Rhodiorum
697 1411 993 1461 vaticinatum,
999 1411 1327 1451 ‘'Madefactum
1316 1411 1364 1450 iri

241 1464 371 1502 minus
408 1464 536 1503 XXX
568 1465 701 1503 diebus
735 1466 925 1504 Graeciam
962 1466 1170 1517 sanguine.
1211 1466 1365 1518 rapinas

241 1516 488 1568 Dyrrhachii,
518 1526 555 1557 et
580 1520 883 1558 conscensionem
915 1520 956 1558 in
984 1533 1100 1559 naves
1124 1533 1215 1559 cum
1240 1520 1362 1572 fuga·
1348 1548 1362 1566 ‚

239 1571 553 1624 fugientibusque
580 1573 835 1612 miserabilem
862 1582 1075 1626 respectum
1100 1574 1364 1613 incendiorum

240 1624 344 1663 fore:
377 1627 441 1665 sed
461 1627 702 1666 Rhodiorum
727 1628 834 1666 classi
853 1630 1116 1681 propinquum
1134 1628 1300 1667 reditum
1319 1640 1363 1666 ac

241 1679 403 1718 domum
431 1681 588 1720 itionem
619 1681 728 1719 darL’
718 1683 742 1700 ”
785 1683 892 1720 Tum
918 1696 1043 1735 neque
1067 1691 1106 1721 te
1129 1682 1258 1734 ipsum
1282 1694 1362 1720 non

241 1746 321 1771 ωδε
338 1744 600 1774 commotum.
623 1736 882 1787 Marcumque
900 1737 1130 1783 Varronem,
1151 1744 1189 1775 et
1207 1736 1269 1775 Μ.
1286 1735 1362 1775 Ca-
1395 1737 1401 1741 '

240 1794 384 1836 tonem,
415 1789 483 1840 qui
516 1797 600 1826 tum
631 1789 686 1827 ibi
719 1799 838 1839 erant,
869 1791 997 1830 doctos
1029 1790 1218 1838 homines,
1247 1790 1362 1829 vehe-

241 1849 390 1880 menter
407 1855 486 1880 esse
502 1843 742 1903 perterritos.
772 1845 904 1895 paucis
923 1857 1012 1883 sane
1030 1853 1117 1897 post
1134 1844 1282 1891 diebus,
1311 1857 1360 1882 ex

245 1894 467 1934 Pharsalica
495 1896 591 1947 fuga
610 1897 755 1935 venisse
773 1898 1018 1945 Labienum3
1048 1899 1116 1950 qui
1139 1911 1228 1936 cum
1247 1898 1364 1936 inter-

240 1948 341 1987 itum
378 1950 562 1988 exercitus
598 1951 861 1998 nuntiavisset,
902 1953 1049 2004 reliqua
1086 1951 1363 1991 vaticinationis

241 2003 348 2041 brevi
367 2016 445 2042 esse
463 2004 643 2042 confecta.
673 2005 780 2043 Nam
800 2013 837 2044 et
856 2019 904 2044 ex
922 2007 1065 2044 horreis
1090 2006 1282 2058 direptmn
1305 2005 1360 2044 ef-

238 2055 449 2109 fusumque
463 2058 702 2096 frumentum
716 2059 795 2098 vias
809 2072 942 2098 omnes
955 2061 1255 2121 angiportusque
1269 2071 1359 2098 con-

240 2117 445 2157 straverat;
476 2118 513 2150 et
541 2125 655 2150 naves
685 2113 809 2151 subito
839 2114 1027 2165 perterriti
1050 2122 1157 2152 metu
1182 2125 1360 2152 conscen-

239 2163 373 2210 distis;
403 2174 441 2204 et
459 2174 588 2214 noctu,
617 2166 665 2204 ad
684 2167 869 2218 oppidum
888 2168 1138 2220 respicientem
1158 2168 1360 2219 flagrantes

244 2219 445 2268 onerarias,
475 2233 571 2271 quas
592 2220 836 2260 incenderant
861 2222 1016 2271 milites,
1045 2222 1136 2275 quia
1159 2221 1268 2274 sequi
1292 2233 1360 2260 no-
