1470 2402
325 117 402 156 DE
431 118 693 169 LEGIBUS,
714 119 814 158 Lm.
836 119 920 159 ΙΙΙ.
937 119 1043 159 CAP.
1063 121 1125 159 18.
1202 121 1278 159 195

164 224 254 265 satis
282 224 381 266 dixit
397 238 466 277 pro
485 239 524 265 se
541 226 581 266 in
599 227 675 266 illis
693 227 800 265 libris
824 227 965 279 Scipio,
980 237 1109 266 tamen
1126 228 1281 266 liberta-

165 286 245 318 tem
273 279 386 318 istam
410 280 550 332 largior
573 282 730 332 populo,
756 289 801 320 ut
825 289 862 320 et
887 283 1108 320 auctoritate
1133 296 1168 320 v:
1177 282 1285 320 leant

165 341 204 372 et
228 341 386 372 utantur
402 335 505 374 boni.
553 335 616 376 Sic
639 335 741 374 enim
760 349 783 373 a
807 348 870 374 me
891 336 1045 374 recitata
1066 337 1131 374 lex
1157 344 1212 374 est
1235 336 1283 374 de

165 387 378 439 suffragiis:
411 390 440 410 ‘⁶
460 388 725 440 Optimatibus
743 397 847 438 nota,
867 390 970 441 plebi
988 390 1107 428 libera
1127 391 1282 428 sunt0.’'

166 441 268 489 Quae
298 442 363 480 lex
387 442 485 482 hanc
512 444 737 482 sententiam
763 444 942 493 continet,
962 452 1008 482 ut
1032 457 1162 482 onmes
1181 445 1284 494 leges

165 495 328 545 tolleret,
349 510 436 548 quae
453 504 583 548 postea
601 498 689 536 latae
709 505 811 547 sunt,
839 512 926 549 quae
943 506 1079 549 tegunt
1098 498 1205 536 omni
1223 511 1284 535 ra-

164 549 268 588 tione
286 550 527 601 suffragium,
550 564 599 590 ne
624 552 708 603 quis
733 553 908 603 inspiciat
932 553 1127 600 tabellam,
1148 565 1196 590 ne
1222 564 1284 589 ro-

164 610 243 653 get,
263 616 312 642 ne
340 605 516 656 appellet.
566 606 707 644 Pontes
732 607 847 645 etiam
864 607 929 645 lex
948 607 1078 645 Maria
1100 606 1191 645 fecit
1214 618 1283 643 an-

166 665 310 708 gustos.
347 659 449 706 Quae
482 660 513 698 si
545 661 718 712 opposita
749 668 838 699 sunt
870 660 1092 708 ambitiosis,
1123 667 1167 698 ut
1197 667 1287 698 sunt

166 711 259 761 fere,
278 725 357 751 non
374 713 608 764 reprehendo
623 729 632 751 :
664 714 722 752 sin
740 715 929 753 valuerint
946 723 1097 753 tantum
1111 715 1227 765 leges,
1240 721 1288 752 ut

167 777 218 804 ne
254 766 330 805 sint
366 768 557 813 ambitus;
600 768 739 807 habeat
771 782 859 807 sane
890 770 1057 820 populus
1087 769 1285 817 tabellam,

166 820 279 870 quasi
307 821 495 859 vindicem
527 823 724 871 libertatis,
753 822 848 861 dum
881 823 996 861 modo
1028 823 1110 861 haec
1140 822 1287 874 optimo

167 874 307 925 cuique
325 882 362 913 et
379 876 600 926 gravissimo
615 877 688 915 civi
705 878 937 926 ostendatur,
957 877 1135 928 ultroque
1153 877 1288 914 offera-

169 933 257 974 tur;
288 929 346 966 uti
372 929 412 966 in
441 943 484 968 eo
509 930 557 968 sit
583 931 665 982 ipso
693 931 861 979 libertas,
882 931 922 968 in
949 943 1026 982 quo
1051 931 1194 981 populo
1219 943 1289 981 po-

167 987 281 1020 testas
299 983 455 1021 honeste
473 984 582 1023 bonis
600 985 839 1035 gratificandi
865 985 989 1022 datur.
1028 984 1167 1036 quue
1185 996 1289 1022 nunc

167 1034 213 1072 fit
241 1035 352 1085 illud,
385 1038 489 1088 quod
517 1051 540 1076 a
571 1046 609 1076 te
635 1039 765 1085 modo,
789 1038 951 1086 Quinte,
975 1038 1121 1075 dictum
1148 1045 1216 1086 est,
1243 1049 1289 1075 ut

167 1089 297 1128 minus
314 1091 457 1129 multos
475 1091 616 1129 tabella
633 1091 874 1139 condemnet,
902 1104 1021 1143 quam
1040 1092 1183 1130 solebat
1197 1104 1288 1139 vox,

168 1143 261 1196 quia
290 1145 434 1196 populo
461 1145 573 1183 licere
598 1145 688 1184 satis
718 1153 784 1184 est.
826 1145 914 1184 Hoc
942 1152 1102 1192 retento,
1137 1145 1287 1197 reliqua

168 1197 345 1236 voluntas
370 1198 585 1237 auctoritati
609 1206 676 1238 aut
696 1199 828 1250 gratiae
852 1199 1026 1238 traditur.
1066 1200 1218 1251 Itaque,
1246 1207 1292 1236 ut

168 1251 347 1290 omittam
371 1252 572 1304 largitione
595 1261 772 1305 corrupta
797 1253 992 1304 suffragia,
1016 1266 1093 1292 non
1118 1253 1237 1301 vides,
1258 1253 1291 1291 si

170 1306 327 1357 quando
345 1308 513 1345 ambitus
527 1308 647 1356 sileat,
664 1308 784 1359 quaeri
797 1308 839 1345 in
853 1308 1057 1358 suffragiis,
1078 1307 1172 1359 quid
1190 1307 1292 1358 opti-

170 1359 227 1397 mi
245 1360 317 1398 viri
342 1361 535 1400 sentiant?
566 1362 832 1410 Quamobrem
852 1362 936 1413 lege
961 1362 1091 1400 nostra
1107 1360 1293 1399 libertatis

169 1414 310 1465 species
323 1414 449 1463 datur,
469 1417 660 1454 bonorum
681 1415 883 1455 auctoritas
908 1416 1106 1464 retinetur,
1132 1422 1287 1454 conten-

169 1468 282 1506 tionis
301 1482 414 1507 causa
431 1469 590 1508 tollitur.

225 1521 393 1561 XVIII.
422 1523 574 1562 Deinde
592 1523 778 1575 sequitur,
798 1523 940 1576 quibus
961 1524 1026 1573 jus
1045 1522 1093 1561 sit
1111 1535 1202 1562 cum
1219 1535 1290 1574 po-

173 1576 267 1626 pulo
284 1576 437 1627 agendi,
457 1585 524 1615 aut
539 1589 628 1615 cum
639 1584 798 1624 senatu3
828 1577 968 1628 gravis,
989 1584 1039 1625 et,
1060 1584 1104 1615 ut
1118 1577 1295 1624 arbitror,

173 1629 355 1680 praeclara
371 1630 449 1669 lex.
480 1632 508 1652 “
522 1630 624 1678 Quae
642 1644 731 1670 cum
749 1632 909 1683 populo,
929 1644 1093 1683 quaeque
1117 1631 1158 1668 in
1176 1630 1298 1681 patri-

175 1684 248 1722 bus
266 1690 442 1734 agentur,
470 1684 620 1723 modica
642 1692 753 1723 sunto
767 1686 811 1731 ;'’
840 1685 882 1723 id
900 1692 970 1733 est,
989 1684 1161 1722 modesta
1179 1691 1296 1736 atque

174 1737 316 1775 sedata.
354 1738 476 1776 Actor
498 1739 602 1776 enim
623 1739 843 1777 moderatur
868 1746 906 1777 et
929 1738 1055 1789 fingit,
1075 1750 1155 1776 non
1180 1738 1298 1776 modo

176 1798 346 1829 mentem
360 1804 404 1830 ac
422 1792 650 1841 voluntates,
670 1793 735 1831 sed
753 1805 862 1844 paene
873 1793 1016 1839 vultus,
1032 1804 1179 1839 eorum,
1192 1791 1298 1842 apud

177 1858 274 1896 quos
292 1845 395 1896 agit:
424 1846 529 1898 quod
545 1846 586 1884 in
605 1857 737 1885 senatu
757 1859 834 1884 non
853 1853 909 1884 est
922 1846 1098 1884 difficile:
1124 1852 1180 1883 est
1194 1846 1299 1884 enim

177 1907 327 1938 senator
344 1900 391 1948 is,
412 1901 522 1950 cujus
535 1912 613 1938 non
632 1900 681 1938 ad
699 1900 911 1938 auditorem
928 1899 1112 1938 referatur
1130 1899 1298 1947 animus,

179 1953 245 1992 sed
275 1954 343 2005 qui
368 1968 436 2005 per
466 1967 505 1992 se
534 1955 614 2006 ipse
643 1954 802 2006 spectari
830 1954 932 1992 velit.
969 1954 1075 1991 Huic
1097 1954 1203 2003 jussa
1226 1953 1301 1991 tria

178 2015 291 2046 sunt:
323 2015 366 2046 ut
380 2008 502 2055 adsit3
532 2021 624 2046 nam
651 2009 876 2059 gravitatem
894 2021 952 2046 res
969 2008 1100 2056 habet,
1119 2020 1209 2045 cum
1223 2007 1300 2045 fre-

180 2074 302 2112 quens
325 2062 418 2101 ordo
448 2073 528 2102 est:
558 2070 603 2101 ut
629 2063 713 2101 loco
741 2063 856 2111 dicat,
879 2061 920 2100 id
947 2069 1017 2110 est,
1042 2068 1225 2112 rogatus:
1255 2068 1301 2098 ut

177 2115 307 2166 modo,
339 2129 388 2156 ne
419 2116 469 2155 sit
499 2117 697 2155 infinitus:
739 2128 832 2155 nam
859 2116 1039 2164 brevitas,
1072 2127 1151 2154 non
1182 2114 1300 2153 modo

180 2170 375 2218 senatoris,
395 2170 461 2209 sed
478 2172 596 2210 etiam
619 2171 793 2219 oratoris,
819 2183 962 2221 magna
978 2170 1063 2208 laus
1082 2176 1138 2208 est
1155 2169 1197 2207 in
1215 2180 1302 2207 sen-

181 2223 311 2264 tentia.
355 2225 441 2265 Nec
466 2232 523 2264 est
549 2238 725 2277 unquam
753 2224 871 2276 longa
899 2223 1067 2264 oratione
1098 2222 1303 2270 utendum,
