1470 2402
285 76 366 125 DE
394 77 659 127 OFFICIIS,
691 77 791 116 LIB·
810 77 894 117 111.
924 77 1032 118 CAP.
1055 79 1095 119 3,
1180 78 1262 117 293

124 185 286 230 omnino
322 187 568 235 scribendum
600 187 730 236 fuisse,
771 187 864 241 quia
895 199 1098 240 nunquam
1132 193 1259 239 posset

122 241 270 291 utilitas
288 255 378 281 cum
397 242 592 283 honestate
611 255 808 294 pugnare:
840 241 888 280 de
907 255 985 294 quo
1004 242 1169 282 alterum
1188 255 1258 293 po-

121 302 195 335 test
220 296 361 340 habere
382 297 675 346 dubitationem,
705 296 1020 337 adhibendumne
1044 296 1160 335 fuerit
1184 297 1258 336 hoe

121 363 258 401 genus,
293 351 396 404 quod
429 352 470 390 in
502 351 686 391 divisione
719 351 882 394 Panaetii
912 351 1070 392 tertium
1104 359 1172 399 est,
1206 364 1257 395 an

120 405 237 456 plane
250 406 509 450 omittendum
523 421 533 445 :
552 407 718 445 alterum
732 405 900 445 dubitari
914 418 992 448 non
1006 413 1144 457 potest,
1161 405 1257 457 quin

120 472 146 499 a
166 460 339 507 Panaetio
357 469 575 513 susceptum
597 461 659 510 sit,
685 460 750 501 sed
768 461 957 502 relictum.
1005 461 1113 498 Nam
1140 460 1208 512 qui
1234 474 1256 500 e

121 513 308 555 divisione
334 515 522 568 tripertita
548 515 644 556 duas
669 523 797 568 partes
823 515 1040 563 absolverit,
1069 514 1160 553 huic
1186 527 1253 555 ne,

118 581 220 608 cesse
238 577 295 609 est
313 578 453 615 restare
471 570 636 609 tertiam.
685 571 888 618 Praeterea,
909 570 950 607 in
969 576 1140 609 extremo
1153 569 1254 608 libro

119 624 245 673 tertio,
273 624 323 665 de
350 625 423 665 hac
448 634 557 678 parte
582 625 784 678 pollicetur
809 638 848 664 se
873 624 1050 677 deinceps
1076 637 1155 667 esse
1173 624 1254 666 dice

174 733 338 774 Accedit
375 735 510 774 eodem
542 734 647 774 testis
678 734 864 787 locuples,
899 733 1143 781 Posidonius,
1183 733 1253 786 qui

118 787 236 828 etiam
249 789 379 828 scribit
393 790 434 828 in
449 789 620 842 quadam
634 789 808 841 epistola,
826 789 872 827 P.
887 789 1085 827 Rutilium
1097 787 1251 830 Rufum

118 842 244 882 dicere
269 843 401 893 solere,
434 845 502 896 qui
522 844 743 890 Panaetium
761 843 947 892 audierat,
968 852 1012 882 ut
1038 856 1152 882 nemo
1170 843 1251 894 pic÷

117 903 177 935 tor
201 906 298 939 esset
329 898 522 947 inventus,
556 899 624 951 qui
656 899 748 938 Coae
778 898 942 939 Veneris
974 911 1060 937 eam
1086 906 1252 950 partem,

117 963 239 1003 quam
257 953 419 1004 Apelles
437 953 657 993 inchoatam
683 953 909 1006 reliquisset,
930 953 1141 992 absolveret
1160 954 1252 997 (oris

118 1006 224 1045 enim
243 1007 491 1059 pulchritudo
516 1008 654 1060 reliqui
672 1008 838 1060 corporis
856 1007 1035 1046 imitandi
1052 1020 1161 1059 spem
1180 1021 1251 1047 au.-

117 1060 281 1110 fierebat)
296 1076 321 1109 3⁷
339 1062 392 1101 sic
423 1076 481 1110 ea,
515 1076 604 1114 quae
637 1063 833 1101 Panaetius
865 1062 1180 1113 praetermisisset,
1213 1070 1252 1103 et

116 1127 195 1158 non
212 1116 442 1167 perfecisset,
458 1125 612 1169 propter
631 1130 778 1164 eorum,
796 1130 883 1169 quae
901 1116 1132 1169 perfecisset,
1152 1130 1252 1168 prae-

114 1171 312 1219 stantiam,
334 1172 530 1210 neminem
549 1184 629 1210 esse
647 1180 902 1223 persecutum.

173 1226 195 1263 I
198 1225 256 1264 ΙΙ.
287 1225 556 1274 Quamobrem
576 1226 623 1264 de
639 1226 784 1276 judicio
800 1226 965 1265 Panaetii
983 1225 1152 1265 dubitari
1170 1239 1249 1267 non

116 1287 266 1331 potest:
296 1289 446 1320 rectene
471 1289 602 1319 autem
627 1281 727 1319 hanc
753 1281 905 1319 tertiam
931 1288 1078 1333 partem
1105 1281 1157 1320 ad
1183 1295 1250 1320 ex-

116 1335 352 1386 quirendum
370 1336 542 1375 officium
561 1335 796 1386 adjunxerit,
817 1348 866 1374 an
885 1348 1006 1384 secus,
1034 1335 1082 1374 de
1107 1349 1151 1375 eo
1169 1336 1249 1375 for-

117 1396 218 1428 tasse
235 1390 423 1442 disputari
441 1397 577 1443 potest.
632 1391 756 1439 Nam,
784 1391 862 1435 sive
887 1390 1093 1429 honestum
1120 1391 1248 1431 solum

113 1447 263 1486 bonum
288 1453 345 1484 est
372 1450 434 1490 (ut
451 1445 589 1485 stoicis
613 1446 769 1497 placet),
790 1445 883 1492 sive,
911 1445 1017 1497 quod
1040 1445 1249 1486 honestum

114 1506 185 1547 est,
206 1499 246 1538 id
271 1499 326 1538 ita
344 1513 544 1539 summum
563 1502 711 1539 bonum
731 1507 787 1539 est
805 1499 1155 1552 (quemadmodum
1174 1501 1250 1540 Pe..

114 1554 322 1606 ripateticis
339 1555 477 1593 nostris
496 1554 678 1604 videtur),
705 1562 750 1592 ut
767 1555 913 1602 omnia,
935 1567 983 1593 ex
1002 1555 1123 1595 altera
1140 1563 1250 1606 parte

114 1609 312 1657 collocata,
334 1609 400 1647 vix
417 1609 573 1647 minimi
585 1609 775 1648 momenti
787 1609 907 1647 instar
920 1608 1113 1655 habeant,
1102 1623 1112 1632 ·
1134 1609 1249 1649 dubi-

115 1663 280 1702 tandum
306 1676 385 1702 non
410 1671 480 1712 est,
508 1664 604 1715 quin
630 1676 833 1715 nunquam
855 1663 974 1715 possit
992 1664 1137 1702 utilitas
1155 1677 1248 1703 cum

115 1719 314 1763 honestate
343 1718 581 1757 contendere.
623 1719 763 1770 Itaque
789 1717 1020 1769 accepimus,
1051 1719 1247 1761 Socratem

115 1773 303 1812 exsecrari
321 1773 478 1812 solitum
496 1786 559 1812 eos
577 1773 646 1824 qui
663 1773 837 1824 primum
850 1773 945 1819 haec,
966 1773 1105 1811 natura
1123 1773 1247 1812 cohae-

113 1828 250 1876 rentia,
276 1827 456 1889 opinione
474 1827 747 1866 distraxissent.
792 1827 868 1866 Cui
892 1827 1052 1879 quidem
1077 1827 1132 1866 ita
1157 1836 1248 1867 sunt

113 1883 235 1922 Stoici
256 1882 413 1931 assensi,
440 1890 498 1930 ut,
525 1881 716 1935 quidquid
734 1882 940 1921 honestum
959 1889 1069 1930 esset,
1089 1882 1130 1921 id
1152 1883 1248 1922 utile

115 1951 195 1976 esse
220 1944 430 1987 censerent,
457 1949 527 1976 nec
550 1937 647 1976 utile
675 1937 906 1990 quidquam,
937 1936 1043 1989 quod
1067 1949 1147 1977 non
1174 1938 1245 1978 ho-

114 2000 282 2031 nestum.

169 2046 289 2095 Quod
307 2046 339 2084 si
355 2046 389 2085 is
406 2054 503 2085 esset
522 2046 732 2095 Panaetius,
758 2046 827 2098 qui
846 2046 1028 2089 virtutem
1046 2055 1248 2100 propterea

114 2101 316 2146 colendam
330 2100 485 2148 diceret,
505 2101 611 2154 quod
628 2115 674 2140 ea
691 2101 856 2140 efficiens
875 2101 1051 2143 utilitatis
1070 2111 1166 2142 esset
1185 2108 1248 2147 (ut

110 2156 156 2204 ii,
182 2156 253 2217 qui
278 2168 336 2194 res
365 2156 596 2218 expetendas
627 2156 688 2195 vel
719 2155 913 2208 voluptate
942 2156 1002 2196 vel
1034 2157 1248 2197 indolentia.

115 2211 360 2261 metiuntur),
394 2211 524 2251 liceret
556 2211 590 2250 ei
623 2211 761 2262 dicere,
798 2211 1007 2304 121tilit3tem
1039 2211 1249 2266 aliquando

845 2277 868 2304 c
