1470 2402
375 113 453 154 DE
482 113 840 165 SENECTUTE,
861 114 967 154 CAP.
988 115 1053 153 20.
1191 116 1270 156 359

151 220 255 272 poris
282 221 332 260 ad
361 223 568 263 vivendum
599 223 725 273 datur,
747 236 791 262 eo
816 223 929 262 debet
954 235 1034 262 esse
1060 230 1272 262 contentus.

152 275 294 327 Neque
317 277 420 315 enim
445 278 634 327 histrioni,
655 286 700 316 ut
718 278 878 329 placeat,
902 278 1117 329 peragenda
1142 286 1197 316 est
1215 278 1274 316 fa-

150 330 259 375 bula,
286 332 416 380 modo,
436 332 477 370 in
511 345 756 384 quocumque
788 332 902 370 fuerit
932 340 1033 380 actu,
1060 334 1268 384 probetu13

151 395 278 435 neque
297 386 457 437 sapienti
474 400 596 439 usque
611 387 660 425 ad
680 389 708 409 ‘⁶
729 386 935 424 Plaudite'’
956 386 1176 424 vivendum.

204 439 330 478 Breve
345 440 449 478 enim
461 448 613 492 tempus
633 440 752 479 aetatis
767 440 855 478 satis
874 447 929 478 est
942 441 1102 491 longum
1114 441 1164 478 ad
1178 442 1276 479 bene

149 492 383 545 honesteque
411 495 630 534 vivendum.
661 495 729 534 Sin
753 494 975 546 processeris
999 494 1164 546 longius,
1195 508 1274 533 non

149 547 274 598 magis
293 548 503 588 dolendum
522 557 590 597 est,
612 563 730 601 quam
749 549 923 600 agricolae
941 548 1084 597 dolent,
1117 557 1275 601 praeter-

148 603 205 643 ita
223 602 329 642 verni
347 605 529 656 temporis
548 604 746 652 suavitate,
761 611 930 649 aestatem
944 610 1276 655 auctumnumque

149 658 306 697 venisse.
336 656 418 697 Ver
436 659 539 698 enim
554 666 754 710 tamquam
768 657 1059 696 adolescentiam
1072 657 1274 709 significat,

150 712 392 762 ostenditque
409 714 557 752 fructus
576 713 749 750 futuros:
780 711 928 763 reliqua
950 719 1122 763 tempora
1146 713 1276 751 deme-

150 767 275 805 tendis
304 766 492 806 fructibus
522 775 560 806 et
588 765 838 819 percipiendis
864 766 1149 805 accommodata
1172 773 1275 805 sunt.

152 821 318 860 Fructus
337 828 468 860 autem
487 821 689 861 senectutis
709 828 766 859 est
785 823 845 863 (ut
859 833 958 871 saepe
973 820 1070 867 dixi)
1086 828 1174 859 ante
1187 834 1277 873 par-

151 882 281 914 torum
300 877 490 914 bonorum
509 875 695 914 memoria
713 882 750 913 et
761 873 880 925 copia.
911 874 1058 913 Omnia
1072 888 1174 923 vero,
1188 889 1277 927 quae

151 930 364 968 secundum
395 937 574 968 naturam
607 930 719 976 fiunt,
753 935 843 966 sunt
871 928 1048 966 habenda
1076 928 1117 966 in
1153 930 1277 968 bonis.

151 983 262 1031 Quid
284 991 339 1022 est
359 992 488 1022 autem
507 992 587 1022 tam
616 984 826 1022 secundum
855 989 1047 1030 naturam,
1074 996 1194 1034 quam
1219 997 1278 1022 se-

151 1038 266 1077 nibus
300 1039 451 1077 emori?
481 1052 534 1090 qu
521 1038 585 1077 od
610 1037 714 1076 idem
745 1037 931 1089 contingit
961 1036 1276 1086 adolescentibus,

151 1092 375 1131 adversante
394 1099 431 1131 et
449 1100 687 1144 repugnante
705 1092 856 1130 natura.
904 1092 1042 1142 Itaque
1061 1091 1278 1130 adolescen-

150 1153 207 1185 tes
225 1147 324 1185 mori
342 1147 395 1185 sic
413 1146 512 1184 mihi
526 1147 717 1195 videntur,
731 1154 775 1185 ut
795 1159 883 1185 cum
899 1159 1010 1197 aquae
1027 1145 1279 1185 multitudine

150 1201 209 1240 vis
245 1200 414 1240 flammae
452 1201 707 1252 opprimitur·
696 1230 707 1247 ‚
756 1213 862 1239 senes
895 1208 1039 1262 autem,
1078 1200 1176 1238 sicut
1207 1201 1279 1239 sua

150 1263 299 1307 sponte,
320 1256 430 1294 nulla
449 1255 621 1294 adhibita
639 1255 691 1303 vi,
712 1262 934 1294 consumtus
952 1254 1052 1306 ignis
1066 1254 1279 1306 exstingui-

150 1317 226 1349 tur.
255 1310 324 1359 Et,
346 1310 456 1362 quasi
474 1322 604 1362 poma,
626 1323 674 1348 ex
693 1309 906 1355 arboribus,
928 1309 959 1347 si
978 1309 1096 1347 cruda
1115 1317 1278 1357 sunt,v1

150 1365 395 1410 avelluntu13
426 1364 457 1403 si
476 1371 629 1402 matura
647 1371 685 1402 et
703 1371 821 1411 cocta,
842 1363 1050 1408 decidunt3
1081 1364 1134 1402 sic
1158 1364 1278 1401 vitam

151 1419 453 1458 adolescentibus
483 1418 540 1457 vis
570 1418 668 1456 aufe
661 1426 710 1466 ’1,
741 1418 894 1456 senibus
923 1417 1148 1456 maturitas.
1191 1432 1279 1469 quae

152 1473 250 1512 1111111
280 1473 438 1526 quidem
466 1480 546 1511 tam
574 1472 747 1534 jucunda
777 1480 847 1520 est,
869 1480 926 1519 ut,
956 1485 1034 1524 quo
1052 1472 1210 1524 propius
1229 1472 1280 1510 ad

152 1534 318 1566 mortem
348 1527 540 1575 accedam,
572 1527 683 1578 quasi
711 1534 852 1565 terram
884 1526 1012 1565 videre
1044 1525 1187 1575 videar,
1208 1526 1279 1564 ali-

153 1582 388 1633 quandoque
420 1581 462 1619 in
490 1587 646 1633 portum
684 1594 732 1619 ex
767 1580 885 1632 longa
920 1579 1163 1630 navigatione
1199 1593 1279 1619 esse

153 1644 349 1675 venturus.

207 1690 305 1728 XX.
336 1689 529 1729 Omnium
557 1696 715 1728 aetatum
743 1695 866 1727 certus
894 1695 949 1729 est
977 1687 1189 1727 terminus:
1221 1701 1278 1727 se-

153 1745 316 1784 nectutis
335 1751 465 1783 autem
483 1743 615 1782 nullus
641 1750 763 1782 certus
786 1750 841 1781 est
859 1743 1045 1781 terminus
1062 1757 1072 1780 :
1103 1750 1281 1793 recteque

152 1800 194 1838 in
220 1813 266 1838 ea
288 1799 444 1846 vivitur,
472 1798 600 1850 quoad
625 1810 768 1836 munus
791 1796 905 1835 officii
932 1796 1090 1849 exsequi
1115 1803 1152 1835 et
1180 1796 1281 1835 tueri

153 1853 289 1907 possis,
319 1861 358 1892 et
394 1860 524 1891 tamen
549 1859 715 1890 mortem
743 1858 1009 1891 contemnere.
1041 1865 1089 1889 ex
1114 1864 1192 1903 quo
1218 1851 1279 1900 fit,

155 1916 201 1948 ut
219 1907 424 1946 animosior
443 1907 558 1946 etiam
585 1912 758 1945 senectus
783 1906 844 1955 sit,
866 1918 984 1957 quam
1011 1905 1278 1955 adolescentia,

154 1971 194 2002 et
219 1963 364 2001 fortior.
386 1962 475 2000 Hoc
498 1961 597 1999 illud
624 1967 693 2008 est,
714 1960 819 2012 quod
844 1960 1042 1999 Pisistrato
1067 1967 1231 2012 tyranno
1256 1973 1281 1998 a

156 2018 297 2057 Solone
320 2029 546 2068 responsum
565 2023 647 2061 est3
677 2027 768 2053 cum
790 2014 850 2052 1111
875 2014 1074 2066 quaerenti,
1096 2028 1175 2067 qua
1193 2021 1281 2053 tan-

154 2072 246 2110 dem
264 2084 331 2123 spe
347 2071 480 2118 fretus,
497 2070 569 2109 sibi
587 2076 668 2108 tam
687 2068 881 2107 audaciter
899 2069 1108 2117 obsisteret,
1124 2081 1281 2120 respon-

155 2125 255 2164 disse
279 2125 432 2171 dicitur,
460 2125 674 2164 Senectute.
715 2123 791 2162 Sed
813 2123 967 2161 vivendi
988 2123 1076 2161 finis
1099 2130 1155 2161 est
1180 2123 1280 2174 opti-

156 2193 260 2229 mus,
280 2192 385 2228 cum,
408 2178 558 2231 integra
574 2184 718 2225 mente,
739 2177 958 2229 caeterisque
976 2177 1162 2227 sensibus,
1182 2190 1281 2229 opus

155 2234 238 2287 ipsa
251 2247 364 2275 suum
378 2233 526 2284 eadem,
540 2246 628 2286 quae
639 2232 932 2285 coagmentavit,
945 2239 1083 2274 natura
1096 2231 1279 2273 dissolvit.
