1470 2402
374 87 454 130 DE
481 88 786 138 AMICITIA,
809 88 913 129 CAP.
935 89 974 129 9.
1155 89 1235 135 377

90 195 139 236 «in
170 195 281 237 hoste
309 198 442 247 etiam,
469 199 705 252 diligamus;
736 198 832 251 quid
861 198 1023 246 mirum,
1049 197 1081 237 si
1111 197 1234 237 animi

96 250 305 291 hominum
334 262 577 303 moveantur,
606 266 695 293 cum
724 265 874 301 eorum,
902 253 1133 305 quibuscum
1159 266 1233 291 usu

98 307 296 356 conjuncti
309 320 390 347 esse
408 317 583 361 possunt,
597 309 778 347 virtutem
799 316 837 346 et
854 307 1066 346 bonitatem
1086 307 1234 359 perspi-

104 373 188 399 cere
216 361 418 402 videantur
434 366 452 402 Σ)
496 364 751 415 Quamquam
783 362 1031 400 confirmatur
1061 374 1170 400 amor
1200 370 1237 400 et

102 414 287 454 beneficio
301 425 467 470 accepto,
483 425 519 456 et
534 417 660 456 studio
682 425 892 468 perspecto,
907 424 944 454 et
963 416 1238 455 consuetudine

105 469 316 520 adjuncta:
348 473 490 524 quibus
515 473 629 510 rebus
659 471 708 509 ad
738 471 851 509 illum
882 470 1053 522 primum
1083 479 1237 509 motum

106 524 229 563 animi
248 532 285 564 et
303 527 444 565 amoris
463 526 658 574 adhibitis,
679 525 916 564 admirabilis
935 524 1113 577 quadam
1128 537 1238 563 exar-

106 578 226 617 descit
243 581 518 620 benevolentiae
536 580 764 632 magnitudo
779 594 790 625 ς
822 592 940 632 quam
960 579 991 617 si
1011 580 1080 631 qui
1098 587 1238 631 putant

106 634 156 671 ab
175 633 436 674 imbecillitate
455 636 655 687 proficisci,
676 643 721 673 ut
746 635 807 683 sit,
834 648 902 687 per
927 646 1044 686 quem
1075 634 1239 686 quisque

106 696 346 740 assequatur,
382 690 487 741 quod
523 690 734 735 desideret3
764 689 955 727 humilem
994 701 1084 727 sane
1121 688 1236 726 relin-

105 749 247 794 quunt,
268 752 305 782 et
330 744 492 783 minime
521 757 748 796 generosum
780 746 841 785 (ut
860 744 915 781 ita
933 743 1091 790 dicam),
1108 750 1238 781 ortum

105 796 299 847 amicitiae,
324 812 444 851 quam
475 812 525 838 ex
552 799 685 852 inopia
716 806 833 850 atque
865 797 1078 849 indigentia
1102 804 1235 836 natam

106 851 254 891 volunt.

161 905 282 954 Quod
301 906 334 946 si
350 907 406 947 ita
424 915 545 954 esset3
576 915 620 946 ut
639 907 802 960 quisque
820 907 1029 945 minimum
1044 906 1083 944 in
1105 918 1144 944 se
1158 918 1238 944 esse

106 961 369 1010 arbitraretur,
389 962 443 1001 ita
462 963 511 1002 ad
526 962 734 1001 amicitiam
748 969 844 1001 esset
856 961 1076 1013 aptissimus
1089 976 1100 998 ε
1132 960 1236 1012 quod

107 1016 223 1067 lo'nge
255 1029 362 1056 secus
389 1025 457 1057 est.
500 1018 558 1056 Ut
587 1017 691 1056 enim
724 1016 888 1068 quisque
917 1016 989 1054 sibi
1018 1015 1235 1067 plurimum

107 1070 278 1119 confidit,
300 1079 338 1110 et
361 1080 407 1111 ut
433 1071 598 1124 quisque
622 1071 794 1110 maxime
823 1071 963 1110 virtute
986 1078 1024 1108 et
1049 1069 1237 1121 sapientia

107 1125 160 1164 sic
184 1126 359 1165 munitus
385 1133 455 1173 est,
476 1134 521 1165 ut
542 1126 651 1165 nullo
680 1133 802 1178 egeat,
823 1137 968 1177 suaque
987 1125 1118 1162 omnia
1136 1124 1176 1161 in
1197 1136 1236 1162 se

104 1180 188 1231 ipso
205 1181 330 1232 posita
345 1181 492 1231 judicet
507 1195 519 1227 ;
550 1181 603 1219 ita
620 1181 661 1218 in
681 1180 857 1219 amicitiis
875 1178 1096 1231 expetendis
1109 1178 1236 1217 celen-

104 1235 240 1287 disque
258 1236 430 1274 maxime
448 1236 612 1275 exceUit.
653 1235 762 1283 Quid
781 1234 884 1273 enim
903 1233 1114 1272 Africanus
1133 1232 1234 1271 indi-

103 1302 198 1341 gens
221 1290 331 1330 mei?
358 1290 544 1338 Minime,
574 1290 725 1329 hercle:
757 1302 800 1328 ac
825 1302 874 1328 ne
904 1301 974 1340 ego
1000 1287 1158 1340 quidem
1186 1287 1235 1325 il-

104 1344 180 1384 lius
197 1358 207 1382 :
238 1344 305 1384 sed
323 1358 394 1397 ego
421 1345 675 1384 admiratione
698 1343 868 1396 quadam
888 1343 1040 1381 virtutis
1055 1342 1151 1392 ejus,
1167 1341 1234 1380 ille

105 1399 270 1438 vicissim
295 1400 476 1452 opinione
503 1400 661 1438 fortasse
688 1398 890 1444 nonnulla,
918 1409 1037 1449 quam
1067 1396 1114 1435 de
1139 1396 1235 1434 meis

102 1453 276 1493 moribus
305 1454 486 1502 habebat,
505 1467 570 1493 me
595 1453 757 1492 dilexit:
787 1452 898 1491 auxit
923 1450 1231 1490 benevolentiam

105 1508 353 1549 consuetudo.
411 1508 501 1557 Sed,
539 1520 779 1560 quamquam
815 1506 1000 1544 utilitates
1028 1506 1164 1544 multae
1196 1512 1235 1543 et

105 1574 259 1614 magnae
283 1571 495 1602 consecutae
522 1566 627 1611 sunt,
647 1575 723 1601 non
754 1569 844 1600 sunt
868 1568 999 1599 tamen
1024 1561 1074 1599 ab
1100 1571 1234 1598 earum

105 1630 172 1670 spe
191 1630 315 1656 causae
333 1617 518 1669 diligendi
537 1617 725 1668 profectae.

159 1672 217 1711 Ut
242 1671 346 1710 enim
364 1671 525 1710 benefici
542 1672 791 1722 liberalesque
809 1682 958 1717 sumus,
985 1680 1063 1707 non
1085 1674 1131 1706 ut
1149 1667 1231 1706 exi-

104 1739 242 1780 gamus
260 1725 425 1778 gratiam
444 1726 700 1778 (nequeenim
718 1723 947 1763 beneficium
966 1723 1230 1771 foeneramur)‚

107 1781 174 1821 sed
206 1781 346 1820 natura
376 1780 556 1832 propensi
587 1780 636 1819 ad
672 1778 938 1818 liberalitatem
972 1790 1134 1823 sumus;
1179 1777 1232 1815 sic

106 1835 332 1883 amicitiam,
361 1847 440 1874 non
466 1848 533 1887 spe
551 1834 734 1874 mercedis
752 1832 922 1880 adducti,
943 1832 1009 1871 sed
1027 1831 1132 1884 quod
1147 1844 1231 1871 om-

103 1891 164 1930 nis
183 1891 265 1941 ejus
283 1889 431 1929 fructus
443 1889 485 1928 in
503 1889 587 1941 ipso
605 1901 732 1928 amore
749 1888 862 1936 inest,
883 1886 1136 1939 expetendam
1156 1899 1230 1939 pu-

103 1953 244 1985 tamus.

161 2000 231 2039 Ab
258 1999 319 2047 iis,
340 1998 409 2052 qui
433 1998 624 2052 pecudum
652 1997 729 2037 ritu
755 1996 805 2036 ad
834 1996 1072 2049 voluptatem
1098 1994 1231 2035 omnia

106 2055 291 2101 referunt,
309 2054 424 2106 longe
441 2053 710 2092 dissentimus:
731 2064 802 2090 nec
811 2051 958 2090 mirum
974 2065 985 2089 ε
1007 2050 1106 2089 nihil
1124 2050 1230 2089 enim

106 2111 246 2157 altum,
272 2108 372 2147 nihil
394 2108 646 2161 magnificum
663 2120 708 2146 ac
725 2106 917 2154 divinum,
937 2105 1126 2157 suspicere
1143 2110 1232 2157 pos·-

107 2171 211 2210 sunt‚
230 2163 300 2216 qui
318 2176 406 2202 suas
426 2175 558 2202 omnes
576 2161 822 2214 cogitationes
840 2161 1062 2210 abjecerunt
1082 2159 1124 2199 in
1148 2171 1232 2198 rem

104 2227 185 2259 tam
202 2218 406 2266 humilem,
423 2229 580 2270 tamque
593 2216 1145 2309 conterritam-2Qu3mobrem‚
1161 2214 1232 2253 hos

881 2282 910 2308 x
