1470 2402
251 103 303 141 68
356 102 433 142 DE
462 101 878 153 DIVINATIONE,
890 103 990 142 Lm.
1006 102 1066 142 11.
1079 101 1184 142 cir.
1203 101 1265 142 19.

249 222 318 249 nec
345 210 458 248 alieni
484 211 638 262 negotii,
664 223 740 250 non
765 218 886 263 potest
909 210 1128 250 hominibus
1152 208 1353 248 divinatio·
1395 262 1398 265 Ι

250 276 340 302 nem
358 264 562 316 impertire.
600 265 736 304 Vester
762 274 890 304 autem
909 260 1016 304 Deus
1039 270 1162 316 potest
1184 275 1262 302 non
1279 262 1355 302 im·

250 317 400 368 pertire,
419 325 464 355 ut
480 319 727 357 nihilominus
745 319 935 357 mundum
952 326 1071 380 regat,
1087 325 1125 356 et
1136 316 1358 356 hominibus

252 371 434 409 consulat.
476 372 554 410 Cur
582 372 698 423 igitur
727 385 792 411 vos
820 372 1011 411 induitis
999 385 1041 410 111
1063 384 1125 410 ωε
1149 370 1354 432 captiones,

252 438 346 476 quas
364 437 562 477 nunquam
577 426 795 477 explicetis?
825 426 887 465 Ita
900 426 1016 475 enim,
1031 437 1119 464 cum
1130 424 1252 475 magis
1269 437 1359 475 pro·

253 487 401 529 perant,
422 479 642 517 concludere
661 480 803 518 solent:
834 481 875 518 Si
886 480 956 518 1)11
973 487 1074 526 sunt,
1089 486 1144 517 est
1161 477 1356 516 divinatio.

255 534 354 570 Sunt
372 541 498 570 autem
517 532 609 570 Dii:
640 542 694 572 est
714 546 800 584 ergo
819 533 1011 572 divinatio.
1040 507 1172 571 15⁵1qu
1191 538 1246 570 oet
1268 545 1358 583 pro-

252 586 429 631 babilius,
458 587 548 624 Non
577 596 632 624 est
660 595 787 625 autem
813 587 1017 626 divinatio:
1047 598 1125 625 non
1152 593 1240 624 sunt
1269 598 1359 636 ergo

254 639 333 676 Dii.
364 640 478 688 Vide,
499 653 616 691 quam
636 648 774 679 temere
791 641 1042 689 committant,
1056 647 1115 688 ut,
1136 639 1167 678 si
1185 638 1293 677 nulla
1309 639 1360 677 sit

253 692 447 741 divinatio,
474 694 572 731 num
596 694 670 732 sint
694 695 774 732 Dii.
813 694 1010 733 Divinatio
1037 693 1139 732 enim
1163 692 1360 745 perspicue

253 746 424 785 tollitur:
455 747 557 786 Deos
576 760 666 795 asse,
685 748 923 786 retinendum
943 756 1009 786 est.

305 799 471 839 XVIII.
481 801 627 852 Atque,
636 801 706 839 hac
717 802 938 853 extispicum
952 800 1181 862 divinatione
1193 799 1357 848 sublata,

251 854 375 891 omnis
392 854 631 905 haruspicina
646 856 793 893 sublata
806 863 871 894 oet.
901 855 1063 894 Ostenta
1076 853 1178 892 enim
1192 865 1359 906 sequun-

252 914 328 953 tur,
350 915 386 944 et
404 907 568 958 fulgura.
598 908 713 946 Valet
726 917 853 948 autem
865 909 907 947 in
920 909 1136 960 fulguribus
1150 907 1359 946 observatio

252 960 456 998 diuturna·
446 975 457 1007 ;
487 962 527 999 in
546 962 698 1000 ostentis
711 963 806 1000 ratio
824 963 1049 1014 plerumque
1067 962 1358 1012 conjecturaque

252 1014 463 1052 adhibetur.
504 1014 612 1062 Quid
636 1024 690 1054 oet
713 1016 842 1067 igitur,
863 1016 965 1067 quod
988 1018 1229 1054 observatum
1251 1014 1299 1053 sit
1315 1014 1358 1052 in

253 1067 436 1118 fulgure?
467 1068 615 1106 Coelum
634 1069 674 1106 in
694 1069 799 1108 XVI
818 1078 940 1121 partes
967 1070 1174 1107 diviserunt
1190 1067 1357 1106 Etrusci.

254 1121 382 1159 Facile
405 1121 445 1159 id
463 1122 618 1173 quidem
641 1123 729 1170 fuit,
750 1131 925 1174 quatuor,
950 1136 1043 1174 quas
1068 1135 1135 1161 nos
1157 1122 1358 1170 habemus,

254 1174 446 1225 duplicare
463 1189 474 1220 ς
504 1184 588 1226 post
606 1176 708 1214 idem
732 1176 870 1214 iterum
895 1176 1040 1221 facere;
1068 1183 1113 1214 ut
1131 1189 1178 1214 ex
1197 1189 1241 1214 eo
1258 1175 1360 1213 dice-

253 1238 350 1276 rent,
370 1229 516 1266 fulmen
534 1230 611 1280 qua
625 1244 670 1268 ex
685 1238 790 1281 parte
804 1230 973 1268 venisset.
1005 1229 1195 1277 Primum,
1210 1229 1251 1267 id
1264 1228 1360 1281 quid

251 1281 435 1320 interest?
455 1282 601 1330 deinde,
616 1284 708 1334 quid
723 1283 937 1335 significat?
964 1283 1105 1322 Nonne
1115 1283 1355 1334 perspicuum

254 1343 323 1382 est,
344 1349 391 1374 ex
410 1336 533 1387 prima
559 1337 805 1375 admiratione
828 1337 1043 1384 hominum,
1065 1337 1168 1388 quod
1193 1336 1360 1375 tonitrua

247 1389 447 1441 jactusque
460 1389 667 1428 fulminum
677 1391 1209 1438 extimuissent,credidisse,ea
1216 1389 1360 1429 efficere

252 1455 379 1480 rerum
398 1443 569 1481 omnium
584 1452 853 1495 praepotentem
867 1445 896 1482 J
898 1457 1005 1482 ovem
1021 1446 1038 1483 ?
1068 1445 1206 1496 Itaque
1218 1443 1259 1481 in
1273 1456 1361 1482 nos-

236 1496 320 1533 ·tris
334 1498 610 1536 commentariis
622 1498 803 1548 scriptum
814 1498 1019 1536 habemus:
1043 1499 1071 1519 ‘⁶
1079 1498 1178 1536 Jove
1189 1504 1358 1547 tonante,

250 1549 482 1600 fulgurante,
503 1551 654 1590 comitia
678 1552 811 1603 populi
835 1551 972 1590 habere
996 1551 1142 1590 nefas.”
1177 1551 1265 1590 Hoc
1281 1551 1360 1590 for-

251 1610 360 1651 tasse,
377 1604 593 1655 reipublicae
611 1606 737 1652 causa„
753 1606 999 1643 constitutum
1014 1612 1088 1643 est·
1120 1605 1361 1644 comitiorum

251 1657 354 1694 enim
372 1670 448 1696 non
462 1658 723 1697 habendorum
737 1672 866 1697 causas
884 1672 963 1697 esse
979 1659 1192 1698 voluerunt.
1221 1659 1361 1710 Itaque

251 1711 491 1749 comitiorum
510 1713 634 1750 solum
648 1712 784 1750 vitium
799 1720 853 1750 est
866 1713 1027 1759 fulmen,
1043 1712 1146 1763 quod
1163 1711 1265 1751 idem
1276 1725 1361 1751 om-

251 1764 364 1802 nibus
382 1766 494 1804 rebus
518 1766 708 1816 optimum
732 1766 944 1827 auspicium
967 1766 1166 1814 habemus,
1191 1765 1222 1804 si
1249 1766 1359 1804 sinis-

253 1824 355 1854 trum
373 1817 458 1856 fuit.
498 1819 573 1858 Sed
598 1819 645 1858 de
663 1820 837 1871 auspiciis
862 1820 937 1858 alio
960 1820 1066 1858 loco:
1095 1832 1199 1858 nunc
1216 1819 1264 1858 de
1279 1819 1359 1858 ful-

327 1871 421 1909 bus.

251 1883 423 1962 gung.
453 1925 561 1973 Quid
589 1926 705 1977 igitur
733 1926 862 1965 minus
891 1940 915 1965 a
940 1926 1105 1978 physicis
1131 1926 1204 1965 dici
1231 1926 1357 1976 debet,

250 1990 368 2029 quam
387 1979 598 2030 quidquam
618 1980 706 2017 certi
725 1981 926 2032 significari
940 1982 1051 2019 rebus
1069 1980 1244 2019 incertis⁹
1263 1980 1303 2018 N
1306 1993 1358 2019 on

249 2031 351 2069 enim
370 2040 406 2070 te
432 2041 526 2083 puto
552 2046 629 2071 esse
655 2047 757 2081 eum,
778 2035 845 2085 qui
870 2034 962 2072 Jovi
985 2034 1133 2072 fulmen
1157 2034 1358 2073 fabricatos

248 2097 326 2122 esse
345 2085 558 2136 Cyclopas
547 2099 588 2124 111
607 2087 729 2125 AEtna
753 2095 875 2138 putes.
915 2088 1021 2126 Nam
1047 2095 1141 2126 esset
1164 2087 1353 2137 mirabile,

246 2139 434 2189 quomodo
449 2139 488 2176 id
496 2140 650 2191 Jupiter
662 2141 768 2179 toties
782 2142 935 2190 jaceret,
950 2155 1038 2180 cum
1051 2154 1173 2179 unum
1187 2142 1354 2180 haberet.

249 2192 334 2230 Nec
359 2206 445 2231 vero
470 2193 695 2232 fulminibus
719 2195 904 2243 homines,
931 2195 1024 2247 quid
1049 2203 1115 2233 aut
1139 2195 1356 2234 faciendum

256 2254 349 2284 esset
368 2254 433 2285 aut
457 2248 679 2297 cavendum,
706 2257 897 2288 moneret:
934 2250 1056 2301 placet
1087 2249 1189 2289 enim
1208 2248 1356 2296 Stoicis,
