1470 2402
150 98 233 141 228
314 101 691 151 DE-OFFICIIS,
723 101 825 140 [ΛΒ.
844 100 880 139 1.
910 99 1021 140 CAP
1038 96 1105 139 25ss

150 210 352 250 discrimen
373 219 566 250 vocantur.
609 210 842 249 Promtiores
858 209 977 260 igitur
994 208 1181 248 debemus
1198 219 1278 246 esse

152 265 202 303 ad
217 274 346 304 nostra
358 266 541 317 pericula,
561 278 680 318 quam
699 264 748 302 ad
767 264 1002 310 communia,
1021 261 1279 313 dimicareque

154 320 324 370 paratius
348 320 396 358 de
419 320 564 359 honore
590 327 628 358 et
646 319 782 370 gloria,
811 331 931 370 quam
949 318 997 356 de
1015 316 1158 356 caeteris
1175 328 1281 355 oom-

156 373 294 412 modis.

210 428 364 466 Inventi
393 436 522 466 autem
548 427 663 465 multi
688 434 791 474 sunt,
821 427 890 478 qui
916 438 995 464 non
1021 424 1138 464 modo
1164 436 1282 476 pecu-

155 481 276 531 niam,
307 482 372 520 sed
387 496 409 520 v
411 483 505 520 itam
524 482 654 528 etiam,
683 481 913 532 profundere
930 493 1001 541 pro
1015 479 1141 531 patria
1157 477 1282 530 parati

155 544 293 583 essent,
321 536 439 574 iidem
464 536 595 587 gloriae
618 537 809 585 jacturam
834 547 884 573 ne
901 534 1105 572 minimam
1125 531 1283 585 quidem

155 590 278 629 facere
304 590 458 637 vellent,
486 603 534 628 ne
559 590 756 642 republica
783 588 941 641 quidem
968 587 1209 640 postulante:
1239 592 1285 624 ut

155 644 434 692 Callicratidas,
451 644 533 696 qui,
554 657 643 682 cum
664 643 1044 682 Lacedaemoniomm
1058 641 1139 679 dux
1150 641 1284 679 fuisset

158 698 479 749 Peloponnesiaco
497 697 613 745 bello,
633 699 836 759 multaque
853 697 1001 735 fecisset
1018 695 1181 747 egregie,
1200 707 1284 733 ver-

156 753 204 790 tit
235 752 285 790 ad
317 760 534 791 extremum
566 752 710 800 omnia,
741 765 831 791 cum
864 751 1021 789 consilio
1049 762 1128 788 non
1157 748 1286 800 paruit

156 819 306 855 eorum,
336 806 403 858 qui
423 806 580 845 classem
600 808 649 845 ab
663 805 890 857 Arginussis
908 803 1194 851 removendam,
1214 815 1286 841 nec

157 873 246 898 cum
267 860 570 899 Atheniensibus
588 860 866 907 dimicandum,
886 860 1087 911 putabant.
1130 857 1287 905 Quibus

157 915 223 953 ille
260 915 468 966 respondit,
508 915 837 975 Lacedaemonics,
876 913 993 952 classe
1026 912 1096 950 ina
1130 911 1286 958 amissa,

157 966 273 1006 aliam
293 982 427 1020 parare
445 981 568 1020 posse,
597 982 635 1007 se
653 969 786 1020 fugere
809 968 891 1006 sine
916 980 985 1006 suo
1010 966 1192 1005 dedecore
1207 977 1287 1003 non

158 1034 280 1073 posse.
328 1023 464 1074 Atque
477 1023 559 1060 haec
573 1023 731 1074 quidem
751 1020 1054 1061 Lacedaemoniis
1070 1021 1188 1072 plaga
1204 1032 1287 1057 me-

158 1076 319 1115 diocris:
351 1077 418 1114 illa
436 1077 628 1128 pestifera,
649 1090 742 1128 qua,
770 1089 860 1115 cum
879 1075 1163 1122 Cleombrotus,
1189 1073 1289 1112 invi-

158 1130 265 1168 diam
284 1131 438 1176 timens,
469 1138 610 1168 temere
635 1143 724 1169 cum
744 1126 1020 1182 Epaminonda
1043 1127 1287 1175 conflixisset,

160 1184 543 1222 Lacedaemoniorum
558 1197 648 1236 opes
663 1192 898 1222 corruerunt.
926 1183 1086 1232 Quanto
1100 1182 1153 1231 Q.
1168 1181 1290 1220 Max-

158 1238 261 1277 imus
280 1238 444 1277 melius!
475 1239 523 1276 de
541 1251 618 1290 quo
637 1238 815 1276 Ennius:

215 1314 243 1336 “
264 1313 379 1351 Unus
397 1313 515 1350 homo
533 1312 642 1351 nobis
661 1312 876 1351 cunctando
894 1311 1060 1351 restituit
1077 1324 1171 1350 rem.

153 1368 160 1372 ”
213 1367 308 1405 Non
326 1368 493 1418 ponebat
512 1367 616 1404 enim
635 1379 806 1405 rumores
824 1374 914 1405 ante
931 1367 1108 1404 salutem.

214 1421 336 1472 Ergo,
361 1429 446 1474 post
455 1434 524 1473 lue
542 1421 742 1473 magisque
760 1420 831 1459 viri
849 1433 953 1459 nunc
970 1419 1093 1472 gloria
1111 1418 1270 1458 clarew'

160 1510 280 1558 Quod
305 1522 427 1562 genus
451 1510 634 1562 peccandi
661 1509 861 1548 vitandum
889 1516 946 1548 ost
970 1509 1086 1548 etiam
1111 1509 1153 1546 in
1175 1509 1290 1546 rebus

158 1565 328 1603 urbanis.
371 1564 471 1603 Sunt
496 1565 614 1612 enim,
645 1565 728 1616 qui,
755 1564 860 1616 quod
885 1564 1069 1611 sentiunt,
1096 1563 1167 1601 etsi
1190 1562 1291 1614 opti-

159 1632 271 1662 mum
290 1619 352 1666 sit,
374 1626 501 1657 tamen
519 1618 675 1657 invidiae
693 1626 799 1657 metu
819 1631 896 1656 non
915 1618 1082 1656 audeant
1099 1617 1235 1656 dicere·

214 1673 352 1711 XXV.
383 1672 571 1721 Omnino,
600 1673 669 1724 qui
698 1673 918 1724 reipublicae
948 1671 1151 1723 praefuturi
1183 1677 1288 1719 sunt,

158 1728 237 1765 duo
254 1727 426 1765 Platonis
439 1734 630 1779 praecepta
642 1734 821 1771 teneant;
850 1738 991 1773 unum,
1019 1733 1066 1763 ut
1082 1725 1289 1764 utilitatem

158 1781 303 1820 civium
328 1781 382 1819 sio
402 1788 598 1828 tueantur,
627 1788 686 1829 ut,
710 1793 966 1832 quaecumque
984 1786 1120 1831 agunt,
1135 1779 1186 1818 ad
1204 1791 1290 1818 eam

160 1835 339 1883 referant,
368 1835 479 1873 obliti
503 1834 795 1874 commodorum
821 1846 1006 1880 suorum3
1035 1833 1216 1881 alterum,
1243 1840 1290 1871 ut

159 1896 286 1927 totum
305 1902 442 1940 corpus
459 1889 680 1940 reipublicae
694 1897 841 1936 curent,
861 1901 926 1935 ne,
945 1888 1042 1926 dum
1054 1894 1203 1939 partem
1217 1886 1290 1926 ali-

159 1955 280 1994 quam
300 1951 470 1989 tuentur,
490 1944 657 1995 reliquas
675 1943 860 1981 deserant.
890 1943 948 1980 Ut
963 1942 1067 1980 enim
1080 1941 1215 1989 tutela,
1235 1940 1289 1979 sic

159 1997 376 2048 procuratio
393 1997 626 2049 reipublicae,
651 1997 701 2035 ad
719 1997 925 2035 utilitatem
944 2007 1078 2034 eorum
1096 1995 1165 2047 qui
1183 2007 1289 2047 oom-

157 2050 266 2088 missi
285 2058 388 2097 sunt,
414 2063 492 2088 non
510 2051 560 2089 ad
579 2064 711 2090 eorum
738 2051 880 2102 quibus
905 2050 1108 2089 commissa
1124 2056 1194 2096 est,
1221 2062 1289 2100 ge-

160 2103 279 2141 renda
293 2112 360 2142 est.
390 2103 472 2152 Qui
487 2113 616 2143 autem
631 2105 732 2167 parti
747 2105 890 2144 civium
897 2104 1124 2165 consulunt,
1138 2110 1288 2155 partem

160 2158 376 2209 negligunt,
405 2171 486 2198 rem
512 2159 871 2212 perniciosissimam
894 2158 935 2197 in
963 2157 1155 2198 civitatem
1173 2156 1287 2197 indu
