1470 2402
185 109 263 147 342
420 106 498 147 DE
527 104 888 155 SENECTUTE‚
907 106 1016 146 Cara
1035 108 1075 145 8.

185 217 257 268 qui
285 229 326 255 se
357 228 504 255 annum
529 228 608 255 non
636 223 748 267 putet
776 227 887 266 posse
915 215 1069 253 viveret
1097 213 1166 253 sed
1191 215 1310 254 iidem

187 272 387 332 eiaboraut
404 270 446 309 in
471 270 538 319 eis,
559 284 646 322 quae
665 270 790 308 sciunt
807 269 906 308 nihil
923 269 1082 308 omnino
1100 269 1151 308 ad
1168 282 1208 308 se
1225 283 1314 322 per-

189 332 324 364 tmere.

246 402 275 422 ‘⁶
296 399 397 439 Serit
415 401 581 447 arbores,
602 412 691 451 quae
709 397 818 437 alteri
835 397 973 437 saeculo
990 398 1182 450 prosint',”

189 495 236 526 ut
253 487 307 526 ait
325 487 468 526 Statius
487 495 614 525 noster
631 487 672 525 in
692 486 942 538 Synephebis.
983 487 1025 525 N
1027 500 1068 526 ec
1086 500 1175 526 vero
1202 487 1316 527 dubi-

191 549 246 580 tet
269 542 447 593 agricola,
469 541 647 593 quamvis
673 554 802 588 senex,
823 542 1023 592 quaerenti,
1043 542 1107 580 cui
1125 550 1236 591 serat,
1257 555 1317 580 re-

193 597 378 647 spondere
393 610 402 633 ι
436 599 464 617 “
478 596 565 633 Diis
584 596 881 642 immortalibus,
895 596 964 647 qui
981 608 1045 634 me
1058 608 1136 634 non
1150 597 1318 648 accipere

187 650 309 690 ,modo
327 650 409 688 haee
427 663 451 687 a
477 650 688 699 majoribus
707 650 925 698 voluerunt,
946 649 1140 688 sedetiam
1158 650 1317 702 posteris

223 704 397 742 rodere.''

195 717 222 756 P
249 758 374 796 VIII.
405 757 551 796 Melius
571 757 748 797 Caecilius
766 757 814 796 de
832 770 921 797 sene
934 756 1044 796 alteri
1072 759 1211 797 saeculo
1228 771 1319 811 pro-

195 812 392 864 spiciente,
413 825 533 864 quam
551 812 650 850 inud
667 812 796 851 idem:

253 892 282 912 “
303 890 485 941 AEdepol‚
507 898 691 938 senectus,
713 890 743 928 si
763 889 861 927 nihi]
879 888 1093 941 quidquam
1112 887 1219 927 aliud
1238 888 1321 927 vitii
1369 929 1378 938 N

249 944 446 996 Apportes
458 952 601 991 tecum,
623 958 711 982 cum
731 944 913 989 advenis;
943 956 1068 981 unum
1087 942 1128 981 id
1146 950 1204 981 sat
1223 950 1292 990 eet,

253 998 387 1046 Quod,
408 998 475 1036 diu
491 998 667 1047 vivendo,
688 999 827 1045 multa,
844 1011 932 1049 quae
950 1009 1028 1036 non
1047 997 1145 1046 vult,
1165 997 1311 1036 videt-’'

197 1084 254 1124 Et
277 1086 403 1123 multa
425 1085 597 1134 fortasse,
621 1100 709 1137 quae
734 1086 841 1124 vult:
873 1093 989 1136 atque
1013 1084 1054 1122 in
1080 1098 1125 1123 ea
1149 1084 1321 1136 quidem,

198 1153 287 1190 quae
304 1152 382 1177 non
401 1141 499 1187 vult,
521 1154 620 1191 saepe
639 1141 755 1178 etiam
774 1139 1026 1178 adolescentia
1043 1139 1215 1177 incurrit.
1263 1139 1321 1178 n-

199 1193 270 1231 lud
282 1206 369 1232 vero
387 1193 491 1231 idem
511 1194 687 1233 Caecilius
705 1194 899 1232 vitiosius:

257 1269 286 1291 ‘⁶
305 1267 415 1305 Tum
448 1267 628 1319 equidem
651 1268 692 1306 in
721 1268 870 1307 senecta
896 1268 970 1306 hoc
992 1267 1135 1320 deputo
1159 1268 1326 1308 miserri-

366 1334 493 1369 mum,

255 1375 418 1424 Sentire,
435 1376 480 1414 ea
499 1383 609 1414 aetate
627 1389 706 1415 esse
724 1390 763 1416 se
782 1376 956 1415 odiosum
975 1376 1125 1415 alteri.''

197 1465 434 1504 ,Iucundum
453 1464 596 1516 potius,
618 1478 738 1516 quam
757 1464 945 1503 odiosum.
974 1466 1032 1504 Ut
1050 1465 1155 1503 enim
1180 1464 1327 1504 adoles-

204 1520 378 1558 centibus
402 1520 506 1557 bona
535 1519 663 1557 indole
681 1519 850 1571 praeditis
869 1520 1055 1571 sapientes
1074 1531 1181 1558 senes
1205 1519 1329 1558 delec-

195 1582 351 1621 tantur,
371 1574 567 1625 leviorque
586 1574 629 1611 fit
648 1586 781 1611 eorum
801 1583 986 1620 senectus,
1007 1574 1076 1625 qui
1094 1587 1117 1611 a
1127 1574 1331 1623 juventute

206 1629 386 1667 coluntur
406 1636 443 1665 et
461 1627 703 1678 diliguntur;
733 1628 786 1666 sic
805 1628 1058 1666 adolescentes
1077 1640 1213 1666 senum
1231 1641 1330 1679 prae-

207 1682 326 1733 ceptis
345 1681 527 1742 gaudent.
549 1683 689 1732 quibus
704 1682 753 1719 ad
771 1682 959 1720 virtutum
971 1682 1098 1720 studia
1108 1681 1326 1720 ducuntur.

206 1748 277 1775 nec
309 1736 438 1773 minus
463 1736 637 1786 intelligo
662 1748 726 1774 me
751 1736 872 1783 vobis,
892 1749 1011 1788 quam
1039 1748 1105 1774 vos
1129 1735 1228 1774 mihi
1253 1747 1333 1774 esse

199 1789 410 1840 jucundos.
441 1789 517 1827 Sed
535 1790 684 1837 videtis,
705 1797 750 1828 ut
768 1799 940 1829 senectus
957 1803 1035 1828 non
1048 1789 1164 1828 modo
1178 1789 1332 1841 langui-

208 1843 261 1882 da
279 1852 394 1894 atque
411 1843 512 1881 iners
531 1856 608 1882 non
629 1844 691 1891 sit,
720 1857 855 1882 verum
882 1845 998 1883 etiam
1024 1843 1072 1882 sit
1096 1857 1266 1895 operosa,
1294 1850 1333 1882 et

210 1910 361 1948 semper
375 1909 490 1948 agens
510 1898 657 1949 aliquid
676 1906 713 1936 et
731 1899 893 1937 moliens
908 1912 921 1943 ς
951 1898 1028 1936 tale
1045 1898 1199 1944 scilicet,
1219 1898 1334 1948 quale

201 1952 397 2002 *cujusque
416 1951 588 1989 studium
606 1952 647 1990 in
665 1953 858 2003 superiore
875 1952 954 1990 vita
971 1952 1057 1990 fuit.
1086 1951 1210 1999 Quid,
1230 1950 1335 2003 quod

211 2005 329 2043 etiam
344 2005 545 2043 addiscunt
564 2006 738 2058 aliquid?
767 2015 811 2044 ut
830 2007 1011 2045 Solonem
1031 2007 1200 2044 versibus
1217 2005 1335 2056 glori-

211 2066 343 2096 antem
373 2059 561 2106 fidemus,
583 2061 651 2111 qui
678 2074 731 2108 se,
762 2060 932 2112 quotidie
964 2060 1111 2112 aliquid
1140 2059 1337 2097 addiscen-

212 2119 308 2158 tem,
337 2125 464 2151 senem
485 2114 568 2152 fieri
581 2114 700 2153 dicit·
732 2123 777 2153 ut
795 2128 866 2166 ego
884 2115 970 2161 feei,
991 2115 1059 2166 qui
1079 2116 1231 2152 Graecas
1249 2113 1336 2151 lite.

212 2179 275 2204 ras
294 2179 410 2205 senex
421 2167 565 2213 didici;
595 2182 691 2220 quas
704 2169 862 2221 quidem
876 2169 929 2208 sic
947 2169 1057 2207 avide
1070 2167 1228 2219 arripui,
1241 2179 1338 2219 qua-

214 2221 247 2259 si
267 2220 490 2262 diuturnam
511 2222 614 2261 sitim
634 2224 787 2276 explere
805 2223 976 2276 cupiens,
997 2230 1040 2261 ut
1065 2235 1110 2262 ea
1136 2222 1219 2273 ipsa
1241 2220 1342 2260 mihi
