1470 2402
56 2220 61 2295 3

358 100 437 141 DE
467 101 1121 153 LEGIBUS,L11³.1.CAP.19.
1228 102 1303 147 147

175 216 325 272 sponte,
347 211 469 251 virtus
487 213 694 264 expetitur,
713 226 792 251 una
810 213 881 252 erit
895 212 1030 260 virtus,
1050 225 1138 264 quae
1157 211 1307 249 malitia

176 264 384 305 rectissime
414 266 573 306 dicetur.
621 268 678 306 Ut
707 267 812 306 enim
845 267 1009 320 quisque
1045 266 1215 304 maxime
1256 265 1307 303 ad

174 331 291 357 suum
311 321 559 360 commodum
578 322 706 371 refert,
727 335 983 374 quaecumque
1002 322 1095 372 agit,
1118 321 1172 359 ita
1190 319 1307 358 mini-

174 385 239 412 me
257 381 314 412 aet
332 375 389 414 vir
406 377 556 421 bonus;
588 385 645 425 ut,
666 377 735 429 qui
755 378 936 415 virtutem
956 376 1116 428 praemio
1134 375 1306 413 metiun-

175 434 253 477 tur,
284 430 436 468 nullam
466 430 662 479 virtutem,
693 432 766 470 nisi
796 431 1001 479 malitiam,
1029 438 1179 482 putent.
1224 428 1306 468 Ubi

173 482 279 522 enim
298 485 504 533 beneficus,
526 486 558 524 si
576 498 690 524 nemo
703 486 860 524 alterius
875 499 989 524 causa
1003 484 1168 535 benigne
1183 483 1306 523 facit?

173 537 243 576 ubi
256 547 402 589 gratus,
416 539 448 580 si
462 552 539 578 non
560 554 650 579 eum
668 541 798 592 ipsum
818 548 979 578 cernunt
993 539 1108 591 grati,
1129 539 1191 577 cui
1210 538 1308 576 refe-

173 601 266 630 runt
283 593 449 644 gratiam
465 596 483 633 ?
513 595 582 633 ubi
600 595 668 633 illa
694 604 825 633 sancta
849 594 1031 641 amicitia,
1063 594 1094 632 si
1121 605 1198 632 non
1226 593 1308 644 ipse

175 647 321 686 amicus
340 661 408 700 per
426 662 466 687 se
493 657 647 688 amatur
675 658 754 688 toto
778 658 942 701 pectore,
969 656 1014 686 ut
1039 647 1202 687 dicitur.
1193 649 1210 675 9
1240 647 1309 699 qui

174 702 291 740 etiam
311 702 540 742 deserendus
559 712 597 742 et
624 704 860 754 abjiciendus
880 711 949 752 est,
974 702 1181 764 desperatis
1202 715 1309 740 emo-

174 755 360 796 lumentis
386 766 424 796 et
442 758 654 797 fructibus:
687 771 766 811 quo
792 757 887 811 quid
913 766 1038 810 potest
1062 757 1139 795 dici
1167 757 1309 794 imma-

176 810 292 850 nius.
282 814 300 839 9
346 811 467 860 Quod
486 813 518 851 si
543 813 711 854 amicitia
730 826 797 865 per
817 826 856 851 se
875 811 1034 851 colenda
1060 819 1130 859 eet,
1152 811 1309 850 societas

176 878 332 918 quoque
364 866 584 916 hominum,
605 876 643 906 et
673 868 886 920 aequalitaS,
913 874 951 905 et
980 866 1144 928 justitia,
1170 879 1238 917 per
1270 878 1310 904 se

177 921 403 972 expetenda.
434 921 554 970 Quod
573 923 614 960 ni
628 923 683 961 ita
694 931 764 969 est,
778 921 938 960 omnino
950 920 1102 971 justitia
1116 920 1225 958 nulla
1239 926 1308 958 est.

178 974 229 1013 Id
247 975 351 1015 enim
369 975 668 1026 injustissimum
687 977 816 1030 ipsum
836 984 905 1025 est,
922 975 1081 1026 justitiae
1093 974 1309 1016 mercedem

177 1043 360 1081 quaerere.

229 1085 351 1124 XIX.
381 1084 491 1134 Quid
521 1099 610 1125 vero
640 1086 687 1125 de
716 1085 918 1133 modestia,
953 1084 1050 1137 quid
1078 1083 1130 1123 de
1161 1091 1309 1136 tempe-

175 1139 316 1188 tantia,
336 1140 432 1192 quid
450 1140 498 1179 de
516 1141 765 1190 continentia,
786 1140 881 1193 quid
899 1140 947 1178 de
973 1138 1216 1186 verecundia,
1236 1152 1312 1190 pu-

174 1193 280 1242 dore,
311 1194 589 1248 pudicitiaque,
616 1195 820 1234 dicemus?
856 1194 1075 1233 infamiaene
1099 1202 1207 1232 metu
1234 1206 1312 1232 non

175 1261 256 1288 oese
269 1250 500 1301 petulantes,
521 1263 571 1289 an
585 1251 718 1302 legum
738 1258 776 1289 et
784 1249 1042 1300 judiciorum.
1033 1251 1051 1276 9
1083 1248 1311 1286 Innocentoe

176 1316 267 1355 ergo
285 1311 324 1342 et
342 1304 546 1343 verecundi
565 1313 668 1354 sunt,
690 1313 734 1343 ut
753 1307 850 1343 bene
873 1304 1057 1343 audiant.
1048 1305 1065 1331 9
1096 1310 1147 1351 et,
1176 1310 1220 1340 ut
1245 1316 1312 1340 ru-

176 1370 327 1397 morem
345 1360 493 1398 bonum
513 1359 710 1412 colligant,
738 1361 983 1406 erubescunt,
1013 1356 1071 1407 [et
1097 1357 1246 1409 pudet
1236 1370 1312 1395 im-

177 1413 320 1466 pudica
336 1414 445 1466 loqui
459 1415 503 1476 ἓ]
529 1414 594 1453 Ac
611 1428 675 1453 me
686 1414 873 1452 nimirum
888 1414 1050 1452 istorum
1064 1411 1313 1473 philosopho-

142 1495 146 1499 -
177 1480 267 1507 rum
286 1467 422 1521 pudet,
438 1469 507 1521 qui
519 1469 675 1508 nullum
690 1469 829 1508 vitium
848 1469 982 1518 vitare,
1002 1467 1077 1506 nisi
1091 1466 1262 1517 judicio
1252 1479 1312 1518 lp·

178 1535 221 1562 so
238 1532 431 1572 notatum,
451 1532 604 1576 putant.

233 1577 344 1626 Quid
362 1578 494 1617 enim.
484 1580 502 1607 9
531 1591 737 1630 possumus
755 1591 833 1627 eos,
854 1578 924 1630 qui
942 1590 966 1616 a
984 1585 1117 1628 stupro
1134 1583 1312 1614 arcentur

177 1631 349 1671 infamiae
361 1640 484 1680 metu,
500 1632 659 1684 pudicos
670 1633 807 1682 dicere,
821 1645 910 1671 cum
925 1632 1008 1684 ipsa
1021 1631 1182 1669 infamia
1196 1643 1312 1682 prop-

180 1694 238 1725 ter
269 1686 324 1725 rei
356 1687 638 1748 turpitudinem
670 1696 924 1739 consequatur
935 1687 953 1723 P
983 1687 1090 1724 Nam
1118 1685 1214 1737 quid
1242 1691 1310 1722 aut

179 1740 332 1780 laudari
349 1740 434 1790 rite,
461 1749 530 1780 aut
548 1741 770 1794 vituperari,
791 1749 930 1793 potest,
952 1740 984 1779 si
1003 1742 1052 1778 ab
1072 1740 1154 1789 ejus
1173 1738 1312 1777 natura

179 1795 388 1844 recesseris,
416 1795 522 1848 quod
550 1805 619 1835 aut
646 1796 886 1840 laudandum
917 1802 985 1834 aut
1013 1793 1312 1846 vituperandum

181 1858 320 1903 putee.
311 1852 328 1878 9
357 1850 427 1888 An
446 1851 612 1902 corporis
639 1850 860 1902 pravitates,
881 1850 913 1888 si
932 1856 1045 1888 erunt
1060 1848 1311 1900 perinsignoe,

181 1906 382 1944 habebunt
407 1904 487 1957 aliq
486 1904 555 1943 uid
580 1905 812 1953 offensionis,
840 1904 961 1942 animi
985 1903 1206 1942 deformitas
1233 1915 1313 1942 non

181 1959 364 2000 habebit.
355 1962 372 1987 9
403 1959 527 2010 Cujus
554 1959 756 2012 turpitudo
788 1972 836 1997 ex
869 1958 962 2010 ipsis
992 1957 1094 1996 vitiis
1125 1957 1312 1997 facillime

180 2014 343 2076 perspici
356 2023 492 2067 potest.
523 2013 633 2062 Quid
652 2014 756 2052 enim
774 2013 911 2052 foedius
929 2012 1103 2061 avaritia,
1123 2011 1248 2065 quid
1237 2025 1313 2050 lm-

180 2069 336 2108 manius
353 2069 526 2118 libidine,
542 2069 638 2121 quid
652 2068 881 2107 contemtius
899 2067 1119 2115 timiditate,
1132 2067 1229 2119 quid
1243 2069 1313 2106 ab.-

177 2123 330 2186 jectius·
334 2123 512 2166 tarditate
530 2131 568 2163 et
585 2124 762 2172 stultitia,
783 2123 858 2162 dici
875 2130 1022 2175 potest.
1013 2124 1031 2151 9
1060 2121 1170 2170 Quid
1188 2134 1302 2173 ergo.
1291 2123 1310 2150 9

182 2191 246 2218 eos
264 2177 335 2230 qui
355 2178 517 2231 singulis
536 2178 638 2217 vitiis
656 2178 862 2227 excellunt,
894 2185 963 2217 aut
984 2176 1101 2222 etiam
1119 2176 1312 2228 pluribus,

182 2240 339 2286 propter
355 2234 514 2284 damna,
529 2240 598 2273 aut
608 2232 852 2280 detrimenta,
864 2239 934 2272 aut
946 2231 1136 2272 cruciatus
1147 2230 1313 2283 aliquos,
