1470 2402
318 118 397 159 DE
425 119 785 172 SENECTUTE,
814 119 920 160 cir.
941 119 1007 159 23.
1145 117 1224 157 363

94 227 277 267 .ma'xime
297 227 492 267 declarant
515 229 755 268 divinitatem
779 242 902 268 suam.
943 226 1077 267 Multa
1107 226 1224 274 enim,

105 294 197 320 cum
219 283 367 321 remissi
390 292 429 322 et
451 284 563 322 liberi
587 292 690 333 sunt,
717 285 849 322 futura
872 282 1120 335 prospiciunt.
1160 281 1227 318 Ex

108 348 189 397 quo
204 336 446 388 intelligitur,
466 338 598 389 quales
616 338 738 376 futuri
757 338 846 385 sint,
863 350 951 375 cum
967 349 1005 375 se
1019 336 1133 388 plane
1147 347 1230 373 cor-

107 390 210 441 poris
229 391 390 429 vinculis
408 392 672 430 relaxaverint.
716 393 861 440 Quare,
883 392 915 429 si
938 391 1020 428 haec
1045 390 1099 427 ita
1123 395 1227 437 sunt,

107 444 161 481 sic
186 457 249 483 me
274 445 438 494 colitote,
466 454 510 483 ut
535 447 679 484 Deum.
723 447 792 484 Sin
820 459 899 483 una
927 453 982 483 est
1008 444 1231 482 interiturus

107 497 262 537 animus
279 512 369 537 cum
388 512 555 551 corpore,
577 513 643 538 vos
668 508 811 547 tamen,
833 499 937 537 Deos
956 506 1139 546 verentes,
1161 497 1229 547 qui

107 551 209 590 hanc
226 565 382 591 omnem
400 554 728 614 pulchritudinem
748 561 903 592 tuentur
921 560 958 590 et
976 560 1128 603 regunt,
1150 563 1231 587 rne-

107 606 272 644 moriam
300 609 420 645 nostri
445 608 508 658 pie
537 608 795 660 inviolateque
824 606 1059 645 servabitis.’'
1102 607 1228 665 Cyrus

107 660 268 751 (quidem
304 661 386 699 haec
417 661 595 701 moriens
642 662 727 702 Nos
761 661 810 704 (si
842 661 982 713 placet)
1014 667 1142 698 nostra
1174 658 1232 696 vi-

135 726 279 752 eamus.

161 768 332 807 XXIII.
363 769 493 807 Nemo
517 781 692 821 unquam
715 768 828 815 1111111,
857 767 998 819 Scipio,
1025 766 1229 821 persuade-

107 821 179 870 bit,
200 830 268 860 aut
286 830 435 874 patrem
455 831 567 861 tuum
586 824 771 871 Paulum,
792 830 860 860 aut
884 823 979 860 duos
1001 834 1104 870 avos,
1126 822 1230 858 Pau-

107 877 193 914 lum
205 884 242 914 et
251 877 499 927 Africanum,
512 886 580 915 aut
589 877 766 915 Africani
777 885 940 928 patrem,
953 883 1020 914 aut
1031 883 1229 927 patruum,

108 931 177 968 aut
191 931 333 970 multos
351 940 572 983 praestantec
591 932 704 980 viros,
725 944 821 982 quos
840 942 1062 969 enumerare
1081 941 1158 967 non
1177 937 1233 967 est

108 996 271 1033 necesse,
292 994 399 1023 tanta
421 999 499 1024 esse
523 993 689 1034 conatos,
711 998 799 1036 quae
824 985 873 1022 ad
898 983 1126 1036 posteritatis
1150 995 1232 1021 me-

108 1039 272 1077 moriam
291 1039 535 1091 pertinerent,
555 1039 629 1077 nisi
651 1039 780 1077 animo
805 1045 1014 1086 cernerent,
1034 1037 1232 1089 posterita-

108 1099 188 1131 tem
207 1093 257 1131 ad
275 1106 315 1131 se
332 1095 531 1145 pertinere.
572 1096 642 1134 An
669 1106 795 1131 censes
822 1097 883 1137 (ut
907 1093 954 1131 de
978 1105 1042 1130 me
1060 1092 1142 1143 ipso
1161 1091 1231 1128 ali-

110 1146 206 1199 quid
224 1159 330 1186 more
349 1160 486 1186 senum
504 1148 660 1200 glorier)
686 1160 749 1186 me
767 1155 893 1186 tantos
909 1147 1057 1184 labores
1075 1146 1232 1183 diurnos

109 1209 390 1253 nocturnosque
409 1203 515 1240 domi
532 1202 756 1254 militiaeque
774 1209 1040 1262 suscepturum
1053 1199 1184 1248 fuisse,
1200 1199 1232 1237 51

110 1255 247 1294 iisdem
266 1256 407 1295 finibus
425 1257 589 1309 gloriam
613 1268 755 1306 meam,
783 1256 925 1308 quibus
951 1255 1085 1303 vitam,
1112 1266 1234 1291 essem

112 1310 416 1349 terminaturus?
447 1311 590 1350 Nonne
606 1311 746 1349 melius
764 1310 889 1348 multo
907 1309 1054 1356 fuisset,
1074 1308 1236 1347 otiosam

112 1372 264 1403 aetatem
285 1372 323 1403 et
347 1364 532 1417 quietam,
553 1365 634 1404 sine
658 1365 740 1403 ullo
764 1365 894 1402 labore
920 1371 957 1402 et
980 1362 1237 1424 contentione,

112 1418 340 1458 traducere?
384 1420 474 1468 Sed,
502 1419 628 1459 nescio
648 1418 866 1480 quomodo,
892 1418 1060 1465 animus,
1088 1417 1236 1477 erigens

115 1485 170 1520 se,
193 1474 454 1524 posteritatem
478 1487 627 1526 semper
645 1474 700 1511 ita
716 1472 983 1534 prospiciebat,
1003 1471 1126 1522 quasi,
1147 1482 1238 1508 011111

116 1527 332 1565 excessisset
350 1540 371 1566 e
388 1529 482 1578 vita,
503 1536 589 1566 tum
607 1528 772 1579 denique
791 1528 959 1565 victurus
978 1532 1084 1563 esset.
1119 1523 1239 1571 Quod

116 1581 274 1632 quidem
293 1582 334 1619 ni
351 1581 405 1619 ita
419 1595 459 1620 se
472 1584 641 1630 haberet,
658 1590 703 1619 ut
716 1581 837 1619 animi
850 1579 1085 1617 immortales
1099 1585 1236 1624 essent,

117 1635 224 1673 haud
242 1636 379 1687 οΡ111111
398 1637 584 1687 cujusque
602 1636 754 1674 animus
780 1634 951 1672 maxime
973 1632 1023 1671 ad
1040 1633 1239 1670 immorta-

117 1689 264 1728 litatem
284 1690 415 1741 gloriae
433 1691 628 1728 niteretur.

171 1743 294 1793 Quid,
333 1743 438 1805 quod
479 1743 777 1795 sapientissimus
818 1742 982 1804 quisque
1023 1739 1240 1792 aequissimo

117 1798 248 1836 animo
279 1799 456 1847 moritur,
495 1798 741 1836 stultissimus
777 1796 1050 1848 iniquissimo?
1098 1795 1242 1832 Nonne

119 1853 227 1890 vobis
245 1851 395 1890 videtur
414 1851 566 1890 animus
584 1853 629 1901 15,
657 1851 725 1903 qui
748 1852 836 1903 plus
862 1857 990 1888 cernat
1015 1857 1052 1887 et
1075 1848 1242 1910 longius,

121 1906 262 1954 videre,
293 1919 332 1944 se
360 1906 409 1944 ad
436 1906 595 1944 meliora
621 1905 830 1958 proficisci·
819 1933 830 1951 ,
865 1904 931 1942 ille
958 1911 1102 1951 autem,
1132 1903 1242 1953 cujus

119 1961 291 1999 obtusior
309 1960 358 1998 sit
376 1960 487 2008 acies,
507 1973 584 1998 non
604 1960 763 1998 videre?
794 1958 991 2010 Equidem
1010 1957 1143 1995 efferor
1162 1966 1244 1994 stu»

122 2014 187 2052 dio
205 2023 332 2066 patres
351 2023 506 2062 vestros,
528 2027 624 2066 quos
644 2013 744 2051 colui
763 2021 801 2051 81
818 2012 951 2061 dilexi,
970 2011 1148 2049 videndi.
1178 2023 1247 2048 ne-

125 2081 202 2120 que
224 2081 314 2107 vero
339 2081 402 2106 eos
428 2069 554 2107 solum
584 2068 784 2107 convenire
813 2079 920 2115 aveo,
952 2078 1047 2117 quos
1075 2065 1157 2117 ipse
1185 2077 1247 2103 co-

124 2122 268 2174 gnovi;
297 2123 363 2160 sed
380 2122 466 2161 11105
485 2123 615 2170 8113111,
635 2122 683 2161 de
709 2121 850 2174 quibus
877 2120 1022 2168 audivi,
1046 2127 1085 2157 et
1102 2119 1250 2170 legi,et

124 2180 207 2229 ipse
225 2176 441 2229 conscripsi.
471 2176 564 2225 Quo
583 2176 741 2229 quidem
755 2188 819 2214 me
832 2175 1131 2227 proficiscentem
1145 2171 1251 2211 nand
