1470 2402
254 92 334 133 DE
363 90 788 141 DIVINATIONE,
809 88 912 130 Iam.
933 87 970 128 1.
991 87 1098 128 cst.
1119 88 1182 127 12.
1256 88 1282 125 9

262 199 485 255 Praecipites
502 202 587 242 coeli
604 209 745 254 partes,
765 200 969 251 obitusque
986 197 1168 250 petessit:

261 257 350 296 Aut
369 271 474 307 cum,
494 257 654 296 terribili
673 268 873 308 percussus
891 253 1070 301 fulmine,
1091 251 1183 291 civis

262 312 372 351 Luce
390 312 581 351 serenanti
599 311 730 351 vitalia
747 309 898 348 lumina
914 308 1055 360 liquit:

261 366 351 406 Aut
368 380 459 406 cum
478 380 518 406 se
536 365 694 418 gravido
713 363 923 403 tremefecit
938 374 1092 414 corpore
1112 360 1240 400 tellus.

262 421 292 459 J
293 434 358 459 am
378 434 466 460 vero
485 421 599 459 variae
617 428 804 458 nocturno
822 427 995 469 tempore
1013 417 1103 455 visae

262 475 472 514 Terribiles
490 475 639 523 formae,
655 474 805 513 bellum
823 480 1029 524 motusque
1048 471 1258 509 monebant
1272 482 1285 505 :

263 529 476 583 Multaque
494 543 562 582 per
574 538 692 568 terras
711 536 815 567 vates
833 527 959 566 oracla
978 525 1123 564 furenti

263 584 423 623 Pectore
436 584 666 632 fundebant,
687 583 811 622 tristes
830 581 1051 620 minitantia
1069 591 1203 618 casus:

260 639 398 691 Atque
416 652 474 689 ea,
495 653 583 692 quae
601 639 710 690 lapsu
732 636 888 676 tandem
907 635 1074 674 cecidere
1094 641 1259 678 vetusto,

263 693 362 732 Haec
387 694 482 742 fore,
508 693 704 746 perpetuis
733 691 852 744 signis
886 690 1074 742 clarisque
1106 688 1288 741 frequen-

371 756 470 796 tans,

262 802 352 855 Ipse
375 803 507 842 Deum
521 802 673 855 genitor
691 801 784 840 coelo
804 799 990 851 terrisque
1009 799 1181 837 canebat.

153 857 255 897 XII.
313 858 355 896 N
358 870 435 896 unc
460 871 518 904 ea,
550 857 752 908 Torquato
782 868 871 907 quae
901 853 1099 906 quondam
1127 861 1164 890 et
1195 863 1286 890 con·

370 912 453 951 sule
473 912 602 959 Cotta,

262 965 415 1018 Lydius
435 966 604 1006 ediderat
618 964 835 1017 Tyrrhenae
853 961 977 1015 gentis
996 962 1205 1013 haruspex,

261 1020 412 1060 Omnia
430 1021 510 1059 fixa
529 1029 619 1059 tuus
638 1020 856 1071 glomerans
876 1017 1105 1056 determinat
1123 1028 1261 1054 annus.

260 1075 369 1114 Nam
390 1075 506 1114 Pater
521 1074 742 1121 altitonans,
764 1072 931 1112 stellanti
950 1071 1066 1110 nixus
1086 1070 1276 1121 Olympo,

259 1129 350 1182 Ipse
368 1143 456 1169 suos
475 1129 674 1182 quondam
693 1128 865 1166 tumulos
884 1140 928 1166 ac
942 1126 1090 1178 templa
1107 1124 1257 1178 petim't,

258 1184 314 1224 Et
334 1184 563 1237 Capitolinis
577 1183 708 1234 injecit
727 1182 881 1221 sedibus
899 1182 1020 1233 ignes.

258 1239 368 1278 Tum
388 1239 530 1291 species
549 1251 598 1278 ex
617 1251 690 1277 aere
710 1245 833 1286 vetus,
854 1245 1109 1288 generataque
1133 1234 1280 1282 Nattae,

258 1294 451 1342 Concidit,
473 1294 688 1346 elapsaeque
708 1300 858 1331 vetusto
878 1291 1041 1329 nurnine
1059 1291 1163 1341 leges
1179 1303 1190 1326 ι

257 1349 312 1387 Et
331 1349 480 1388 Divstm
500 1347 706 1387 simulacra
719 1345 882 1399 peremit
900 1345 1076 1384 fulminis
1091 1344 1215 1382 ardor.

258 1403 340 1442 Hic
359 1403 540 1443 silvestris
559 1410 651 1451 erat,
674 1401 846 1440 Romani
865 1400 1033 1439 nominis
1052 1398 1184 1445 altrix,

257 1458 420 1507 Martia,
442 1471 530 1510 quae
548 1470 686 1510 parvos
706 1455 898 1495 Mavortis
918 1455 1063 1494 semine
1080 1461 1191 1492 natos

255 1513 453 1552 Uberibus
472 1512 640 1565 gravidis
660 1511 768 1550 vitali
787 1523 870 1550 rore
889 1510 1039 1562 rigabat
1057 1523 1067 1547 :

256 1567 360 1616 Quae
379 1576 479 1616 tum,
496 1580 586 1607 cum
605 1565 748 1619 pueriS,
769 1565 968 1604 flammato
986 1562 1164 1602 fulminis
1182 1562 1277 1610 ictu,

255 1622 449 1671 Concidit,
470 1629 587 1675 atque
605 1621 738 1660 avulsa
755 1620 903 1672 pedum
922 1618 1081 1670 vestigia
1099 1617 1226 1669 liquit.

256 1677 366 1715 Tum
380 1677 467 1730 quis
480 1689 573 1726 non,
589 1676 681 1715 artis
701 1676 842 1727 scripta
861 1687 905 1713 ac
923 1674 1164 1712 monimenta
1178 1671 1288 1711 volu-

362 1743 462 1779 tans,

253 1786 379 1826 Voces
398 1785 588 1825 tristificas
607 1784 746 1824 chartis
765 1785 968 1836 promebat
985 1780 1192 1821 Etruscis?

253 1840 404 1880 Omnes
424 1840 525 1880 civili
546 1848 583 1879 et
601 1840 785 1891 generosa
803 1838 919 1890 stirpe
937 1837 1149 1889 profectam

252 1895 389 1934 Vitare
407 1895 604 1947 ingentem
619 1893 782 1941 cladem,
797 1902 1022 1944 pestemque
1035 1891 1247 1929 monebant
1263 1906 1274 1929 :

252 1950 327 1989 Vel
349 1950 482 2002 legum
501 1948 664 1988 exitium
684 1947 873 1986 constanti
891 1959 982 1985 voce
1002 1946 1203 1992 ferebant3

254 2005 424 2056 Templa
444 2004 654 2056 Deumque
671 2002 766 2042 adeo
785 2001 969 2051 flammis,
997 2002 1188 2052 urbesque
1209 2001 1276 2051 ju-

351 2061 496 2099 bebant
1253 2083 1261 2091 .

253 2114 429 2167 Eripere,
456 2121 494 2153 et
518 2120 686 2166 stragem
708 2112 948 2160 horribilem,
973 2110 1195 2161 caedemque
1212 2123 1279 2149 ve-

361 2181 460 2208 ren:

252 2225 388 2276 Atque
406 2223 489 2264 haec
506 2222 586 2263 fixa
603 2222 713 2276 gravi
730 2221 811 2262 fato
830 2234 874 2261 ac
892 2219 1056 2260 fundata
1074 2217 1221 2265 teneri;
