1470 2402
428 81 802 123 PARADOXON
833 81 909 121 VI.
1165 84 1244 122 415

106 189 291 242 Cethego,
325 189 477 230 homini
508 203 586 230 non
623 192 908 243 probatissirn0‚
944 190 1083 230 servire
1120 194 1246 245 co‘e'git

105 258 184 292 eos,
218 245 287 297 qui
316 245 390 283 sibi
418 258 497 284 esse
527 247 757 299 amplissimi
787 247 1043 291 videbantur;
1082 259 1246 286 munera

106 299 273 347 mittere,
302 307 418 338 noctu
445 300 574 338 venire
599 301 761 339 domum
789 301 839 338 ad
865 313 970 344 eum,
991 301 1151 352 precari,
1177 302 1244 341 de-

107 354 241 406 nique,
262 355 488 405 supplicare.
533 355 635 402 Quae
662 356 823 394 servitus
843 364 912 399 est,
934 355 966 393 si
984 355 1066 395 haec
1085 356 1243 396 libertas

108 409 321 447 existimari
337 411 493 460 potest?
516 409 657 457 Quid?
679 423 768 448 cum
789 409 1046 461 cupiditatum
1066 411 1243 449 domina-

108 470 172 502 tus
190 462 363 511 excessit,
385 471 422 502 et
439 463 538 502 alius
558 472 613 502 est
639 464 820 502 dominus
844 472 998 502 exortus
1025 478 1072 503 ex
1099 466 1243 504 consci-

109 517 215 556 entia
227 525 487 569 peccatorum,
501 518 643 564 timor;
674 532 793 570 quam
806 525 862 557 est
875 517 943 556 illa
953 519 1106 566 misera,
1122 533 1242 571 quam

110 571 210 610 dura
239 571 426 610 servitus!
458 572 781 611 Adolescentibus
810 573 927 624 paulo
956 573 1242 625 loquacioribus

111 634 168 666 est
185 626 454 665 serviendum:
485 640 633 673 omnes,
661 627 730 679 qui
755 627 903 679 aliquid
929 627 1022 666 scire
1048 629 1241 678 videntur,

111 689 314 732 tamquam
340 681 501 729 domini,
529 682 725 720 timentur.
769 681 904 720 Judex
932 695 1020 720 vero
1050 692 1243 735 quantum

111 735 229 775 habet
247 735 490 774 dominatum
507 736 516 774 !
549 749 626 788 quo
644 737 782 775 timore
801 743 979 775 nocentes
997 737 1113 776 afficit
1133 738 1141 775 !
1172 739 1243 777 An

111 802 192 830 non
211 798 266 829 est
286 790 412 828 omnis
430 798 557 829 metus
577 791 736 829 servitus
751 793 768 829 ἓ
799 790 908 839 Quid
923 791 1024 830 valet
1042 792 1161 843 igitur
1175 793 1244 832 illa

112 845 415 897 eloquentissimi
441 845 525 893 viri,
552 845 600 883 L.
626 845 768 893 Crassi,
794 845 945 897 copiosa
969 847 1094 897 magis
1121 860 1242 899 quam

111 900 262 952 sapiens
289 899 441 938 oratio?
473 902 502 922 ‘⁶
521 900 673 952 Eripite
700 913 769 938 nos
798 913 846 938 ex
874 899 1097 938 servitute.'’
1141 901 1244 949 Quae

111 963 169 994 aet
194 955 268 993 ista
295 954 455 992 servitus
480 961 562 992 tam
588 956 689 993 claro
713 954 877 1001 homini,
904 961 1063 1006 tamque
1088 957 1209 994 nobifi
1223 959 1241 995 Ρ

112 1009 257 1049 01111115
275 1008 397 1047 animi
422 1009 610 1047 debilitati
636 1017 674 1047 et
691 1008 852 1046 humilis
871 1016 908 1047 et
926 1008 1038 1047 fracti
1057 1009 1243 1049 timiditas

111 1063 273 1103 servitus
299 1070 367 1101 est.
410 1065 438 1086 “
456 1063 591 1102 Nolite
615 1063 738 1102 sinere
762 1076 832 1102 nos
857 1063 1041 1114 cuiquam
1062 1065 1242 1103 servire.''

111 1119 162 1157 ln
187 1118 405 1157 libertatem
431 1118 616 1157 vindicari
642 1118 756 1157 vult?
787 1117 969 1156 Minime.
1000 1118 1110 1166 Quid
1136 1120 1240 1158 enim

110 1173 320 1224 adjungit?
351 1175 380 1195 “
400 1172 475 1210 11151
503 1173 609 1211 vobis
637 1172 868 1219 universis,''
904 1172 1124 1216 (dominum
1151 1187 1242 1213 mu-

108 1235 205 1276 tare,
225 1240 303 1266 non
324 1226 422 1265 liber
449 1240 540 1276 esse,
561 1228 662 1275 vult)
694 1230 722 1249 “
743 1227 884 1279 quibus
910 1235 947 1265 et
971 1240 1176 1279 possumus
1205 1236 1243 1267 et

108 1282 336 1322 debemuS.''
378 1282 463 1320 Nos
491 1295 594 1331 vero,
629 1282 819 1334 siquidem
852 1282 981 1320 animo
1010 1283 1172 1329 excelso,
1204 1292 1243 1322 et

111 1338 205 1385 alto,
231 1344 270 1376 et
294 1336 500 1375 virtutibus
519 1344 748 1388 exaggerato
768 1349 916 1384 sumus,
947 1348 1015 1375 nec
1040 1336 1241 1385 debemus,

112 1404 183 1430 nec
200 1404 417 1443 possumus.
447 1391 514 1429 Tu
532 1404 642 1442 posse
660 1399 697 1429 te
723 1391 852 1439 dicito,
880 1391 1064 1442 quoniam
1084 1391 1242 1442 quidem

111 1454 244 1499 potes:
274 1445 411 1484 debere
430 1457 479 1483 ne
505 1445 672 1491 dixeri53
703 1446 888 1497 quoniam
913 1445 1012 1483 nihil
1034 1446 1242 1497 quisquam

112 1501 243 1547 debet,
274 1499 348 1538 nisi
375 1499 480 1551 quod
510 1507 565 1538 est
597 1507 708 1550 turpe
740 1512 818 1538 non
846 1499 1013 1537 reddere.
1057 1499 1133 1538 Sed
1160 1500 1242 1539 haec

115 1556 312 1594 hactenus.
326 1590 328 1592 .
343 1554 418 1592 Ille
436 1553 577 1602 videat,
605 1554 800 1605 quomodo
825 1553 1032 1605 imperator
1057 1567 1136 1592 esse
1153 1567 1241 1606 pos-

114 1610 178 1659 sit,
199 1622 290 1648 cum
317 1622 408 1647 eum
432 1621 482 1646 ne
510 1608 678 1647 liberum
703 1608 862 1660 quidem
887 1621 966 1648 esse
991 1608 1088 1647 ratio
1114 1616 1152 1648 et
1176 1622 1242 1648 ve-

110 1665 203 1705 ritas
220 1663 304 1718 ipsa
321 1662 530 1703 convincat.

477 1836 769 1867 PARADOXON
798 1835 863 1862 VI.

342 1939 426 1976 ‘Ort
446 1940 578 1986 μονοςὸ
598 1945 710 1985 σοφος
724 1942 914 1976 πλουσιος.

343 1993 480 2032 Solum
499 1991 710 2044 sapientem
730 2004 808 2029 esse
827 1988 1000 2028 divitem.

136 2084 139 2087 Ι
165 2104 200 2143 Ι.
231 2101 334 2150 Quae
358 2108 414 2140 est
441 2100 528 2148 ista,
548 2100 590 2138 in
616 2097 953 2139 commemoranda
972 2095 1137 2150 pecunia
1154 2094 1236 2143 tua,

109 2170 191 2202 tam
208 2156 374 2198 insolens
392 2155 626 2196 ostentatio?
656 2155 820 2195 Solusne
837 2162 881 2193 tu
903 2152 1038 2192 dives?
1069 2152 1146 2191 Pro
1169 2150 1240 2189 Dii
