1470 2402
503 107 757 149 TIMAEUS.
777 108 885 149 CAP.
907 109 948 148 3.
1216 110 1291 148 431

164 217 282 268 atque
309 217 546 257 immutabili
564 218 775 257 aeternitate
791 218 1020 258 continetur.
1048 217 1115 257 Ex
1141 230 1221 271 quo
1240 218 1296 257 ef-

164 270 306 321 ficitur,
326 281 371 312 ut
395 274 444 312 sit
469 285 632 321 necesse,
659 273 778 321 hunc,
806 286 923 326 quem
949 272 1154 323 cernimus,
1178 285 1296 311 mun-

163 324 275 374 dum,
316 327 567 367 simulacrum
611 335 799 366 aeternum
832 341 911 366 8558
943 327 1109 389 alicujus
1148 328 1294 366 aeterni.

164 378 456 421 Difficillimum
487 391 617 421 autem
644 390 714 429 est,
741 382 781 420 in
806 382 914 421 omni
937 382 1213 433 conquisitione
1237 395 1300 420 ra-

162 434 291 483 tionis,
317 437 531 476 exordium.
575 436 638 476 De
667 437 714 475 iis
738 436 870 488 igitur,
891 450 980 489 quae
1005 436 1191 485 diximus,
1212 437 1296 476 haec

162 489 212 528 sit
230 490 357 542 prima
375 492 580 530 distinctio.

220 545 305 584 III.
336 546 386 584 In
414 547 522 585 omni
547 546 717 585 oratione
741 559 831 585 cum
855 545 901 584 iis
927 546 1054 593 rebus,
1082 545 1130 584 de
1155 546 1298 598 quibus

166 599 455 651 explicandum,
483 601 634 639 videtur
659 614 737 639 esse
756 600 933 652 cognitio.
977 600 998 638 Ι
1003 608 1118 652 taque
1140 613 1230 639 cum
1249 601 1299 640 de

166 665 208 692 re
235 655 364 694 stabili
390 664 428 694 et
457 655 694 694 immutabili
725 655 957 707 disputatur,
977 654 1097 693 oratio
1121 655 1209 694 talis
1234 656 1297 703 sit,

165 709 291 760 qualis
317 710 365 748 sit
391 710 472 759 illa,
494 724 583 762 quae
611 722 737 762 neque
765 709 944 761 redargui
974 721 1099 762 neque
1125 710 1301 750 convinci

163 771 300 814 potoet.
344 764 448 803 Cum
482 773 614 804 autem
642 765 812 816 ingressa
840 773 896 803 est
924 764 1075 803 imitata
1104 771 1142 803 et
1174 765 1299 805 efficta

163 817 382 867 simulacra,
403 821 501 858 bene
519 820 584 871 agi
601 827 728 872 putat,
749 819 781 858 si
793 818 1086 858 similitudinem
1105 819 1185 858 veri
1205 832 1297 859 con-

164 882 358 924 sequatur.
400 874 606 922 Quantum
637 874 755 921 enim,
782 873 833 912 ad
861 873 902 912 id
934 873 1039 926 quod
1068 882 1198 913 ortum
1225 882 1297 923 est,

163 928 354 967 aeter'nitas
369 929 486 975 valet,
507 937 660 967 tantum
686 928 735 967 ad
762 928 880 967 fidem
908 928 1057 967 veritas.
1087 928 1295 978 Quocirca,

164 981 196 1019 si
228 981 326 1021 forte
350 982 398 1021 de
423 983 599 1022 Deorum
630 983 783 1031 natura,
813 994 977 1035 ortuque
1005 983 1157 1031 mundi,
1179 983 1298 1023 disse-

164 1044 305 1086 rentes,
320 1038 452 1077 niinus
469 1038 525 1086 id,
546 1038 651 1091 quod
669 1051 841 1086 avemus,
858 1039 988 1076 animo
1008 1038 1294 1090 consequimur,

164 1099 208 1129 ut
226 1099 307 1130 tota
326 1091 492 1132 dilucide
511 1101 548 1132 et
566 1094 681 1145 plane
700 1101 884 1132 exornata
902 1093 1023 1131 oratio
1041 1093 1114 1131 sibi
1133 1101 1294 1142 constet,

163 1152 201 1184 et
220 1159 268 1184 ex
287 1147 395 1185 omni
413 1155 520 1200 parte
539 1161 668 1186 secum
688 1147 772 1199 ipsa
791 1147 1028 1194 consentiat,
1017 1161 1027 1171 ·
1073 1147 1180 1186 haud
1205 1161 1298 1188 sane

163 1200 235 1239 erit
252 1201 424 1248 mii-um3
456 1202 700 1254 contentique
715 1215 794 1241 8558
813 1202 1012 1264 debebitis,
1029 1202 1061 1241 si
1079 1203 1296 1267 probabilia

162 1254 350 1295 dicentur.
395 1257 576 1309 AEquum
601 1265 657 1296 est
684 1257 787 1296 enim
812 1257 1048 1319 meminisse,
1068 1264 1105 1296 et
1124 1270 1202 1307 me,
1223 1259 1295 1310 qui

161 1309 360 1359 disseram,
380 1311 580 1350 hominem
599 1325 692 1361 esse,
715 1320 752 1350 et
770 1325 850 1360 vos,
867 1312 935 1373 qui
951 1312 1156 1361 judicetis3
1186 1320 1245 1361 ut,
1261 1313 1295 1352 51

161 1366 377 1426 probabilia
395 1366 584 1415 dicentur,
604 1367 661 1405 nil
679 1367 783 1405 ultra
799 1367 1013 1429 requiratis:
1057 1366 1293 1414 Quaeramus

158 1419 281 1471 igitur
300 1433 470 1483 causam,
490 1435 579 1474 quae
597 1434 688 1460 eum
707 1421 919 1473 impulerit,
945 1421 1014 1473 qui
1041 1421 1125 1460 haec
1146 1422 1296 1460 machi-

162 1482 277 1512 natus
296 1475 358 1523 sit,
385 1483 432 1514 ut
449 1476 636 1528 originem
656 1489 800 1524 rerum,
821 1483 860 1514 et
876 1475 1117 1514 molitionem
1137 1489 1298 1526 novam,

162 1537 361 1581 quaereret.
391 1530 589 1569 Probitate
607 1529 782 1569 videlicet
799 1531 1029 1581 praestabat.
1060 1532 1204 1582 probus
1223 1544 1294 1570 au-

163 1591 244 1622 tem
263 1583 408 1623 invidet
433 1584 592 1623 nemini.
635 1585 776 1636 Itaque
794 1583 925 1623 omnia
939 1584 999 1622 sui
1017 1584 1160 1623 similia
1176 1598 1294 1647 8838-

163 1637 272 1676 ravit.
288 1639 386 1678 Haec
397 1639 584 1677 nimirum
599 1638 785 1691 gignendi
794 1638 935 1677 mundi
945 1652 1060 1678 causa
1067 1639 1301 1689 justissima,-

165 1692 207 1731 N
209 1705 288 1739 am,
309 1706 402 1732 cum
414 1694 670 1733 constituisset
687 1693 799 1732 Deus
816 1693 926 1732 bonis
944 1693 1125 1732 omnibus
1139 1695 1302 1746 explere

163 1748 374 1797 mundum,
394 1748 491 1787 mali
508 1749 608 1787 nihil
628 1747 850 1795 admiscere,
870 1748 1000 1800 quoad
1021 1754 1161 1788 natura
1182 1758 1291 1801 pate-

162 1810 292 1849 retur3
323 1802 515 1855 quidquid
532 1811 626 1852 erat,
646 1802 752 1855 quod
775 1802 817 1841 in
842 1802 1022 1841 cernendi
1046 1815 1201 1842 sensum
1228 1818 1292 1844 ωε

162 1855 281 1904 deret,
302 1857 343 1896 id
365 1857 438 1896 sibi
456 1858 649 1905 assumsit,
669 1869 748 1895 non
765 1857 1021 1909 tranquillum
1040 1866 1078 1896 et
1097 1857 1296 1910 quietum,

161 1911 231 1950 5811
255 1912 506 1951 immoderate
537 1912 726 1964 agitatum
756 1920 794 1950 et
822 1912 1039 1958 fluctuans3
1075 1912 1210 1965 idque,-
1239 1919 1289 1954 ex

160 1965 393 2015 inordinato,
413 1967 454 2005 in
472 1967 648 2006 ordinem
659 1966 823 2005 adduxit
839 1981 849 2005 :
879 1966 953 2006 hoc
970 1967 1074 2006 enim
1089 1967 1299 2017 judicabat.

161 2033 242 2060 esse
253 2021 509 2084 praestantius.
539 2021 616 2060 Fas
634 2030 765 2060 autem
776 2034 847 2060 nec
860 2029 917 2061 851-
928 2034 1000 2061 nec
1008 2034 1186 2084 unquam
1195 2022 1287 2074 fuit,

159 2075 377 2128 quidquam
395 2075 470 2115 nisi
492 2076 798 2139 pulcherrimum
815 2075 940 2116 facere
963 2089 1069 2126 eum,
1096 2076 1167 2129 qui
1190 2086 1300 2117 85588

159 2130 343 2182 optimus.
381 2131 486 2171 Cum
507 2131 695 2170 rationem
711 2131 830 2183 igitur
846 2131 1057 2179 habuisset,
1076 2131 1288 2184 reperiebat

146 2184 258 2224 *nihil
275 2198 356 2225 8558
372 2197 520 2235 eorum,
539 2199 629 2238 quae
645 2185 792 2225 11311113
803 2193 1059 2234 cernerentur,
1077 2198 1157 2225 non
1171 2186 1286 2226 intel-

157 2237 294 2292 Egens,
319 2240 604 2293 113811188388,“
591 2253 634 2280 13
652 2248 732 2281 toto
749 2253 902 2293 genere,
923 2241 1193 2294 praestantius„
1222 2241 1304 2281 in·-
