1470 2402
220 103 274 141 50
328 101 407 142 DE
428 101 847 153 DIVINATIONE,
867 102 967 144 11113.
983 103 1019 143 1.
1038 102 1144 144 Cn».
1164 103 1231 150 57.

223 223 353 252 sarum
372 218 410 251 et
427 219 535 251 notas
554 219 737 251 cernunt:
766 211 816 250 ad
840 225 936 265 quas
960 211 1130 252 adhibita
1152 210 1339 251 memoria

223 274 261 305 et
289 265 498 317 diligentia,
528 279 575 305 ex
597 267 842 305 monimentis
861 267 1099 319 superiorum
1117 266 1277 305 efficitur
1293 279 1339 305 w.

223 321 420 369 divinatio,
436 334 523 372 quae
537 321 736 359 artificiosa
749 321 900 369 dicitur,
916 328 1106 370 extorum,
1121 320 1337 372 fulgurum,

223 382 473 422 ostentorum,
495 375 766 427 signorumque
783 375 1001 413 coelestium.

278 429 321 467 N
323 441 372 467 on
392 436 446 467 est
463 429 593 480 igitur,
623 436 668 467 ut
685 428 904 467 mirandum
929 429 991 476 sit,
1020 441 1065 468 ea
1090 426 1298 490 praesentiri
1316 440 1340 466 a

223 482 497 530 divinantibus,
527 495 614 534 quae
631 495 823 534 nusquam
842 483 927 522 sint.
956 484 1055 522 Sunt
1074 483 1177 520 enim
1194 481 1338 544 omnia,

225 536 290 576 sed
307 544 477 588 tempore
495 538 645 575 absunt.
691 537 839 598 Atque,
860 544 904 574 ut
921 537 962 575 in
982 536 1188 575 seminibus
1205 536 1261 574 vis
1279 535 1340 573 in-

226 598 283 629 est
308 604 439 629 earum
463 604 590 628 rerum
617 604 704 642 quae
733 604 780 629 ex
809 591 855 629 iis
883 591 1189 642 progignuntur3
1219 589 1272 628 sic
1297 589 1339 627 in

225 644 346 683 causis
361 644 520 682 conditae
538 652 627 682 sunt
644 658 702 682 res
720 643 873 691 futurae,
903 658 997 695 quas
1016 658 1093 682 esse
1111 644 1258 682 futuras
1273 650 1341 681 aut

226 698 412 737 concitata
436 711 558 746 mens,
588 705 655 736 aut
674 698 796 737 soluta
814 710 960 746 somn0,
989 698 1132 744 cernit;
1161 704 1228 735 aut
1244 697 1342 735 ratio

227 760 295 790 aut
321 753 535 801 conjectura
557 752 761 803 praesentit.
801 752 936 802 Atque
960 758 1005 789 ut
1028 751 1070 798 ii,
1098 751 1166 803 qui
1191 750 1278 789 solis
1303 757 1341 789 et

227 806 330 844 lunae
354 806 663 857 reliquorumque
689 805 855 844 siderum
880 812 998 853 ortus,
1030 805 1169 853 obitus,
1194 811 1342 843 motus-

227 873 303 910 que
322 862 546 910 cognorunt,
563 873 639 911 quo
654 859 823 911 quidque
836 866 1005 911 tempore
1020 871 1150 897 eorum
1164 858 1341 909 futurum

227 914 290 961 sit,
319 914 442 951 multo
469 921 555 951 ante
578 914 814 965 praedicunt3
844 913 909 960 sic,
939 913 1007 964 qui
1025 925 1179 952 cursum
1197 925 1340 960 rerum,

229 974 526 1018 eventorumque
556 966 877 1019 consequentiam,
906 967 1154 1005 diuturnitate
1177 972 1342 1018 pertrac-

228 1027 308 1059 tata
334 1028 574 1068 notaverunt,
603 1029 669 1059 aut
694 1034 855 1072 semper,
885 1029 965 1068 aut,
994 1021 1026 1059 si
1043 1021 1084 1059 id
1100 1020 1252 1059 difficile
1271 1026 1340 1069 est,

228 1075 480 1126 plerumque3
512 1075 614 1126 quod
633 1075 663 1113 si
681 1087 729 1113 ne
747 1075 787 1113 id
806 1075 962 1127 quidem
989 1075 1218 1122 conceditur,
1246 1086 1343 1112 non-

230 1140 432 1180 nunquam
451 1137 562 1177 certe,
592 1129 686 1180 quid
704 1129 879 1167 futurum
898 1129 959 1176 sit,
987 1128 1219 1180 intelligunt.
1265 1129 1342 1165 At·

230 1195 306 1233 que
323 1183 405 1220 haec
425 1183 594 1234 quidem,
614 1191 651 1221 et
669 1183 846 1235 quaedam
863 1182 1085 1233 hujusmodi
1103 1189 1341 1234 argumenta,

229 1249 299 1275 cur
318 1236 365 1274 sit
383 1236 578 1284 divinatio,
599 1237 791 1275 ducuntur
809 1250 832 1275 a
850 1237 940 1274 fato.

285 1290 422 1328 LVII.
451 1291 492 1328 A
518 1291 654 1328 natura
684 1299 812 1329 autem
841 1291 916 1328 alia
944 1289 1120 1342 quaedam
1148 1289 1244 1328 ratio
1273 1295 1343 1338 eet,

230 1356 318 1395 quae
343 1343 464 1392 docet,
494 1353 637 1395 quanta
655 1346 702 1383 sit
721 1344 839 1382 animi
857 1345 913 1383 vis
941 1345 1109 1394 sejuncta
1134 1357 1157 1382 a
1181 1344 1345 1394 corporis

230 1398 426 1443 sensibus3
457 1398 560 1450 quod
582 1400 750 1437 maxime
769 1398 952 1449 contingit
970 1406 1036 1436 aut
1055 1397 1343 1445 dormientibus,

231 1460 300 1490 aut
324 1460 450 1490 mente
475 1453 666 1503 permotis.
714 1453 771 1492 Ut
794 1452 896 1490 enim
923 1452 1096 1490 Deorum
1121 1451 1241 1489 animi
1265 1451 1345 1489 sine

231 1505 365 1554 oeulis,
395 1506 473 1544 sine
499 1507 667 1554 auribus,
695 1506 774 1545 sine
798 1506 946 1557 lingua,
972 1506 1139 1544 sentiunt
1163 1506 1261 1543 inter
1289 1518 1342 1553 se,

231 1559 327 1610 quid
345 1560 506 1611 quisque
524 1561 683 1607 sentiat3
714 1574 761 1599 ex
780 1574 857 1612 quo
875 1559 932 1607 fit,
963 1567 1008 1598 ut
1024 1558 1210 1605 homines,
1231 1558 1346 1597 etiam

231 1625 322 1651 cum
340 1614 442 1651 taciti
461 1622 591 1664 optent
621 1615 727 1666 quid,
757 1623 823 1653 aut
849 1621 1022 1660 voveant,
1051 1626 1129 1651 non
1154 1613 1342 1660 dubitent,

233 1667 328 1718 quin
347 1667 416 1705 Dii
432 1667 531 1705 illud
550 1669 780 1714 exaudiant;
811 1669 862 1706 sic
881 1668 1000 1706 animi
1017 1667 1234 1714 hominum,
1255 1678 1345 1704 cum

231 1728 300 1759 aut
312 1734 444 1759 somno
463 1722 576 1759 soluti
590 1732 724 1760 vacant
742 1735 907 1774 corpore,
928 1729 1007 1770 aut,
1027 1728 1155 1759 mente
1168 1720 1345 1772 permoti,

232 1787 301 1825 per
326 1788 364 1812 se
381 1775 455 1826 ipsi
471 1775 579 1813 liberi
598 1776 742 1814 incitati
761 1785 975 1823 moventur,
996 1783 1155 1814 cernunt
1173 1788 1230 1821 ea,
1260 1786 1348 1826 quae

232 1829 413 1880 permixti
432 1842 521 1867 cum
540 1842 691 1881 corpore
710 1830 829 1868 animi
848 1829 972 1868 videre
991 1842 1067 1868 non
1085 1835 1255 1880 possunt.

287 1884 422 1934 Atque
446 1883 544 1920 hanc
569 1883 725 1934 quidem
744 1884 928 1922 rationem
954 1891 1099 1921 naturae
1117 1881 1269 1920 difficile
1293 1888 1349 1920 ἀεὶ

234 1936 390 1975 fortasse
413 1937 606 1975 traducere
625 1938 672 1975 ad
691 1938 730 1975 id
748 1951 867 1988 genus
886 1937 1140 1985 divinationis,
1171 1935 1275 1987 quod
1299 1948 1348 1973 ex

235 1997 315 2028 arte
332 1991 544 2042 profectum
563 1991 748 2029 dicimus
738 2006 748 2015 ·
779 1991 844 2030 sed
862 1999 990 2029 tamen
1007 1991 1048 2028 id
1063 2002 1215 2042 quoque
1233 1990 1349 2027 rima-

235 2051 313 2092 tur,
343 2052 532 2110 quantum
551 2053 685 2096 potest,
707 2046 946 2092 Posidonius,
967 2058 1056 2083 cum
1070 2057 1148 2083 esse
1167 2051 1290 2081 censet
1308 2043 1348 2080 in

236 2100 374 2136 natura
407 2098 514 2160 signa
545 2099 722 2150 quaedam
754 2112 881 2137 rerum
912 2099 1141 2137 futurarum.
1191 2097 1349 2135 Etenim

237 2151 335 2190 Ceos
353 2153 565 2204 accepimus
583 2161 710 2191 ortum
730 2153 923 2191 Caniculae
936 2153 1135 2204 diligenter
1149 2149 1352 2203 quotannis

239 2205 355 2244 solere
373 2219 530 2255 servare,
547 2208 880 2259 coniecturamque
893 2219 1038 2259 capere,
1054 2214 1099 2246 ut
1112 2204 1240 2245 scribit
1254 2204 1356 2244 Pon·
