1470 2402
210 95 261 134 40
317 94 394 134 DE
415 95 832 146 DIVINATIONE,
854 95 954 136 Lm.
971 95 1006 136 1.
1026 95 1132 136 CAP.
1145 87 1210 135 426.

204 209 350 253 septam
369 204 557 252 videmus,
584 203 810 244 exadversus
836 217 926 244 eum
949 204 1079 243 locum
1105 210 1320 243 consecrata

206 265 272 295 (Ξῖ.
313 257 447 310 Atque
472 259 586 297 etiam
611 259 794 310 scriptum
819 272 842 297 a
863 258 996 297 multis
1014 265 1083 306 est,
1103 270 1192 296 cum
1210 265 1322 296 terrae

203 317 333 348 motus
351 311 472 350 factus
491 320 600 361 esset,
621 315 649 334 ⁶⁶
662 313 719 351 Ut
737 325 803 351 sue
815 313 929 364 plena
942 312 1156 372 procuratio
1169 311 1320 372 fieret,”

205 377 336 402 vocem
357 367 404 403 ab
429 365 508 405 aede
533 367 563 406 J
564 379 700 405 unoms
726 379 773 404 ex
798 379 882 404 arce
907 366 1115 404 exstifisse:
1145 365 1320 416 quociroe

204 418 402 457 Junonem
421 420 530 458 illam
552 421 783 472 appellatam
809 420 1022 458 Monetam.
1063 419 1162 457 Haec
1185 419 1318 469 igitur,

204 479 242 510 et
260 485 282 509 a
301 472 388 511 Diis
407 473 462 525 ειὈ
440 474 629 524 crmficata,
650 482 687 513 et
705 487 728 512 a
745 474 881 512 nostris
902 473 1112 523 majoribus
1133 472 1317 522 judioetz,

201 527 512 566 contemnimus?

255 580 396 632 Neque
414 582 539 619 solum
558 581 732 620 Deorum
754 594 862 620 voces
888 580 1119 632 Pythagorei
1143 581 1318 620 observa-

201 642 352 682 verunt,
387 635 452 673 sed
484 635 599 673 efiam
634 635 851 681 hominum,
886 648 972 686 quae
1007 641 1144 673 vocant
1174 635 1316 674 omina.

201 687 303 735 Quae
331 690 493 738 majores
521 689 638 728 nostri
668 690 759 740 quja
790 689 914 727 valere
939 690 1154 736 censebant,
1178 687 1318 728 idcirco

201 741 381 780 omnibus
410 744 523 781 rebus
548 742 717 794 agendis,
751 745 779 765 ⁶⁶
776 742 918 813 ”Quod
941 744 1103 791 bonum,
1128 742 1314 791 faustum,

201 794 309 843 felix,
331 795 645 847 fortunatumque
664 796 802 844 esset,”
821 795 1100 848 praefabantur:
1126 797 1318 848 rebusque

199 848 351 895 divinis,
373 863 459 901 quae
477 851 629 902 publice
647 850 794 898 fierent,
822 854 903 888 ut⁶
908 850 1104 888 ‘faverent
1127 849 1315 901 linguis‚”

198 902 322 964 imper
304 904 483 949 1ειίιειιιιις
517 904 635 957 inque
661 904 764 942 feriis
790 903 1037 955 imperandis,
1068 906 1097 927 ⁶⁶
1112 910 1157 941 ut
1181 904 1316 943 litibus

198 964 237 994 et
251 957 388 1008 jurgiis
407 970 445 996 se
463 958 717 997 abstinerent:
724 958 750 975 ''
776 958 945 1010 itemque
970 957 1010 996 in
1035 957 1234 996 lustranda
1251 970 1316 996 oo-

196 1010 316 1057 Ionia,
336 1013 384 1049 ab
405 1024 448 1049 eo
474 1012 541 1064 qui
565 1025 650 1050 &am
675 1011 901 1058 deduceret;
931 1018 969 1050 et
994 1024 1083 1050 cum
1108 1011 1314 1072 imperator

196 1065 420 1111 exercitum,
441 1078 571 1104 censor
588 1066 778 1117 populum
802 1067 993 1113 lustraret,
1012 1065 1123 1104 bonis
1146 1065 1313 1103 nomini-

195 1119 282 1165 bus,
309 1119 376 1170 qui
400 1119 540 1158 hostias
565 1119 759 1168 ducerent,
788 1119 1048 1179 eligebantur:
1079 1118 1183 1170 quod
1208 1118 1312 1159 idem

195 1171 236 1209 in
264 1172 410 1211 delectu
437 1173 607 1212 consules
632 1175 845 1220 observant,
873 1180 917 1210 ut
941 1171 1088 1224 primus
1112 1171 1223 1210 miles
1244 1172 1313 1212 fiat

193 1226 295 1263 bono
313 1226 479 1264 nomine.
520 1226 621 1274 Quae
639 1226 795 1296 quidem
820 1238 844 1264 a
868 1232 906 1264 te
931 1226 1016 1274 scis,
1036 1233 1074 1265 et
1097 1226 1250 1265 consule
1274 1234 1313 1265 et

193 1279 433 1341 imperatore,
455 1293 608 1318 summa
627 1280 807 1331 rengione
824 1292 903 1318 asse
921 1287 1077 1318 servata.
1114 1279 1311 1332 Praerogaa

193 1333 313 1371 fivam
332 1334 446 1372 efiam
465 1335 627 1384 majores
642 1346 753 1372 omen
769 1334 961 1384 justorum
976 1333 1217 1379 comitiorum
1231 1347 1311 1374 esse

192 1387 407 1426 voluerunt.

247 1440 404 1479 XLVI.
434 1442 569 1494 Atque
587 1455 657 1494 ego
676 1438 852 1494 exempla
869 1442 1044 1481 ominum
1069 1449 1160 1480 nota
1183 1442 1310 1494 profe-

192 1507 289 1533 ram.
329 1495 377 1532 L.
400 1496 560 1544 Paulus,
584 1497 715 1536 consul
739 1497 893 1543 iterum,
917 1509 1006 1534 cum
1033 1496 1080 1543 ei,
1100 1496 1247 1534 bellum
1265 1505 1311 1535 ut

192 1561 284 1587 cum
311 1562 399 1601 rege
426 1550 540 1589 Perse
565 1558 723 1602 gereret,
747 1550 965 1601 obtigisset3
1000 1558 1044 1588 ut
1069 1551 1114 1588 ea
1139 1550 1224 1601 ipsa
1247 1549 1311 1589 die

193 1602 355 1641 domum
375 1603 423 1641 ad
442 1617 636 1655 vesperam
655 1605 779 1653 rediit,
803 1605 962 1643 filiolam
988 1616 1097 1642 suam
1116 1603 1309 1653 Tertiam,

193 1669 282 1708 quae
306 1664 391 1695 tum
417 1667 496 1696 erat
521 1658 730 1696 admodum
758 1671 889 1710 parva,
919 1658 1106 1706 osculans,
1135 1658 1310 1696 animad-

191 1710 305 1748 vertit
322 1711 557 1750 trISticulam.
601 1715 629 1735 ⁶⁶
625 1711 754 1788 ”Quid
776 1712 874 1759 ἅμ”
897 1711 1038 1762 inquit,
1065 1715 1093 1734 ⁶⁶
1106 1724 1193 1750 mea
1209 1712 1309 1750 Ter-

191 1763 268 1802 fia
259 1766 277 1791 ⁹
305 1765 398 1816 quid
418 1766 532 1803 tristis
551 1768 620 1804 as?
689 1765 797 1804 “Mi
815 1765 965 1817 pater,’'
983 1765 1124 1817 inquit,
1147 1769 1176 1789 ⁶⁶
1191 1765 1309 1805 Persa

193 1818 347 1869 periit.”
374 1818 481 1857 Tum
500 1820 565 1857 ille
583 1819 720 1858 arctius
738 1819 908 1872 puellam
925 1821 1197 1871 complexus‚‘
1185 1822 1214 1842 66
1225 1822 1308 1859 Ac-

192 1871 321 1923 cipio,’
325 1872 530 1927 ’inquit,⁶
535 1876 644 1912 ‘mea
659 1874 751 1922 fih‘a,
767 1875 907 1913 omen.'
910 1873 1047 1913 'Erat
1060 1882 1190 1913 autem
1203 1885 1307 1913 mor-

191 1932 281 1964 tuus
299 1927 456 1965 catellus
474 1940 518 1965 eo
536 1928 702 1966 nomine.

247 1979 295 2018 L.
326 1980 522 2029 Flaccum,
556 1981 681 2019 flamia
690 1994 750 2020 em
783 1981 1020 2031 Martialem,
1054 1994 1124 2033 ego
1159 1981 1305 2033 audivi,

190 2045 280 2074 cum
310 2033 462 2083 diceret,
495 2035 691 2074 Caeciliam
717 2036 884 2081 Metelli,
913 2048 1002 2074 cum
1030 2036 1143 2074 vellet
1170 2037 1305 2074 sororis

188 2099 268 2126 suae
285 2087 434 2126 filiam'
422 2101 463 2126 m
477 2089 764 2128 matrimonium
779 2090 974 2137 collocare,
990 2092 1113 2128 exisse
1125 2089 1167 2127 in
1182 2089 1305 2141 quod-

187 2140 278 2180 dam
310 2142 491 2181 sacellum
520 2143 659 2182 ominis
691 2143 864 2195 capiendi
901 2144 1041 2182 causa.
1084 2142 1189 2195 quod
1221 2143 1303 2182 fieri

185 2206 291 2235 more
309 2203 479 2236 veterum
499 2197 652 2239 solebat.
693 2198 795 2238 Cum
814 2198 921 2249 virgo
944 2204 1071 2247 staret,
1091 2204 1129 2236 et
1148 2196 1302 2239 Caedlia
