1470 2402
178 103 258 140 348
394 100 472 140 DE
502 99 859 149 SENECTUTE,
889 100 995 140 cir.
1020 91 1080 140 1-2'.

176 209 256 249 sive
283 209 369 260 quis
394 208 518 256 Deus,
544 208 643 247 nihil
669 216 799 248 mente
823 210 1076 260 praestabilius
1103 209 1289 258 dedissem

176 264 267 303 huic
285 264 414 303 divino
431 263 584 301 muneri
602 276 645 301 ac
663 263 763 301 dono
778 263 875 301 nihil
889 277 968 302 esse
983 272 1062 302 tam
1075 265 1290 315 inimicum,

178 331 296 370 quam
327 319 573 369 voluptatem.
615 317 698 355 Nec
729 317 846 365 enim,
875 317 1034 356 libidine
1058 318 1292 368 dominante,

177 372 438 423 temperantiae
462 372 590 409 locum
617 384 722 415 esse3
757 383 882 422 neque
911 372 1067 410 omnino
1093 373 1134 410 in
1159 374 1294 425 volup-

178 426 266 464 tatis
285 439 400 476 regno
418 426 599 463 virtutem
617 438 725 476 posse
740 425 949 463 consistere.
980 425 1098 473 Quod
1117 440 1193 478 quo
1210 440 1296 466 ma-

179 480 237 531 gis
255 480 418 531 intelligi
436 488 573 530 posset,
594 479 736 529 fingere
754 479 883 517 animo
904 481 1078 529 jubebat,
1103 481 1212 519 tanta
1233 481 1295 519 in-

177 534 337 572 citatum
365 535 534 585 aliquem
559 533 754 583 voluptate
781 534 959 584 corporis,
986 542 1130 585 quanta
1153 535 1296 596 percipi

178 601 247 639 pos
231 596 303 626 set
321 588 503 625 maxima.
534 587 694 625 Nemini
713 589 887 625 censebat
905 587 984 625 fore
1002 587 1178 637 dubium,
1199 590 1294 640 quin

179 642 343 702 tamdiu,
365 642 428 679 du
422 655 459 678 11
478 642 531 679 ita
550 641 744 701 gauderet,
765 641 862 678 nihil
880 641 1022 692 agitare
1036 650 1177 690 mente,
1197 643 1296 681 1111111

178 696 336 743 ratione,
364 696 460 733 nihil
487 695 711 745 cogitatione
729 695 922 746 consequi,
942 703 1090 746 posset:
1121 697 1297 747 quocirca

180 749 277 787 nihil
301 763 379 788 esse
397 759 477 787 tam
497 749 729 796 detestabile,
750 757 906 800 tamque
924 749 1161 800 pestiferum,
1177 763 1296 802 quam

179 805 444 855 voluptatem;
480 803 669 854 siquidem
697 816 754 849 ea,
787 816 876 841 cum
908 804 1031 852 major
1059 812 1156 842 esset
1181 813 1300 856 atque

179 857 342 908 longior,
363 870 476 896 omne
495 857 615 894 animi
631 857 765 895 lumen
785 857 1053 908 exstingueret.
1093 858 1190 896 Haec
1207 871 1297 897 cum

182 911 227 950 C.
247 911 384 950 Pontio
399 911 571 950 Samnite
591 915 714 962 (patre
733 912 828 960 ejus,
849 924 872 948 a
891 924 982 962 quo,
1007 911 1182 950 Caudino
1199 925 1300 964 proe-

178 966 245 1013 lio,
274 967 339 1017 Sp.
363 965 598 1011 Postumius,
627 965 677 1002 Τ.
699 965 898 1011 Veturius,
926 964 1112 1013 consules,
1132 967 1299 1017 superati

182 1027 287 1066 sunt)
329 1020 502 1058 locutum
538 1019 769 1070 Archytam,
810 1017 1009 1057 Nearchus
1051 1019 1297 1068 Tarentinus,

181 1073 316 1125 hospes
341 1082 480 1121 noster,
508 1073 593 1124 (qui
618 1072 659 1109 in
682 1073 850 1110 amicitia
874 1073 1008 1124 populi
1027 1072 1195 1112 Romani
1212 1087 1301 1125 per.

180 1136 386 1173 manserat)
403 1141 441 1165 se
456 1141 479 1164 a
493 1126 700 1176 majon'bus
719 1135 812 1164 natu
831 1127 1014 1177 accepisse
1031 1127 1192 1174 dicebat,
1209 1141 1298 1167 cum

181 1181 338 1233 quidem
369 1181 403 1219 ei
431 1181 595 1219 sermoni
624 1180 856 1218 interfuisset
884 1180 996 1218 Plato
1022 1181 1295 1227 Atheniensis3

182 1248 299 1286 quem
319 1235 532 1273 Tarentum
548 1234 706 1281 venisse,
728 1234 776 1271 L.
791 1233 971 1282 Camillo,
990 1233 1123 1285 Appio
1136 1234 1300 1275 Claudio

182 1289 414 1335 consulibus,
434 1288 590 1339 reperio,

239 1342 437 1390 Quorsum
462 1342 574 1381 haec?
603 1349 647 1379 ut
670 1341 905 1392 intelligatis,
927 1342 957 1380 si
975 1342 1209 1394 voluptatem
1233 1343 1301 1382 ad-

185 1397 353 1448 spernari
371 1396 514 1434 ratione
533 1404 570 1434 et
589 1396 772 1446 sapientia
790 1408 867 1433 non
885 1409 1093 1447 possemus,
1119 1409 1301 1448 magnam

184 1450 402 1489 habendam
421 1451 603 1488 senectuti
621 1450 798 1500 gratiam,
819 1463 905 1501 quae
923 1449 1096 1497 efficeret,
1112 1459 1157 1488 ut
1169 1451 1209 1488 id
1223 1464 1301 1490 non

183 1505 332 1551 liberet,
353 1504 456 1556 quod
474 1517 551 1542 non
570 1511 767 1554 oporteret„
797 1503 967 1554 Impedit
985 1504 1087 1541 enim
1102 1505 1301 1544 eonsilium

187 1559 375 1609 voluptas,
396 1558 533 1596 rationi
550 1557 730 1603 inimica;
761 1570 805 1596 ac
829 1558 968 1596 mentis
993 1560 1054 1600 (ut
1078 1558 1132 1596 ita
1156 1558 1298 1607 dicam)

186 1612 417 1663 praestringit
448 1612 603 1657 oculos;
643 1624 713 1650 nec
744 1611 860 1649 habet
888 1612 1014 1649 ullum
1043 1624 1131 1650 cum
1161 1613 1301 1652 virtute

188 1666 473 1704 commercium.
504 1666 655 1703 Invitus
673 1665 830 1717 quidem
849 1665 934 1712 feci,
954 1673 999 1703 ut
1016 1665 1210 1704 fortissimi
1227 1667 1300 1705 viri

189 1719 228 1758 T
258 1719 468 1758 Flaminini
485 1719 654 1767 fratrem,
676 1720 725 1757 L.
747 1719 1026 1767 Flamininum,
1047 1732 1068 1757 e
1086 1728 1217 1758 senatu
1232 1721 1302 1771 eji-

190 1786 328 1819 cerem,
349 1781 493 1825 septem
519 1774 627 1811 annis
651 1780 738 1824 post
761 1786 880 1824 quam
902 1773 1034 1811 consul
1051 1772 1206 1812 fuisset:
1235 1774 1302 1813 sed

192 1828 401 1865 notandam
424 1827 559 1878 putavi
584 1827 797 1865 libidinem.
840 1827 915 1865 Ille
944 1827 1061 1874 enim,
1087 1840 1175 1866 cum
1207 1837 1304 1867 esset

192 1882 338 1929 consul,
358 1881 399 1918 in
420 1881 549 1919 Gallia
573 1888 749 1919 exoratus
773 1881 814 1918 in
840 1880 1012 1919 convivio
1037 1895 1060 1919 a
1085 1889 1204 1920 scorto
1231 1890 1302 1931 est,

192 1942 238 1972 ut
256 1935 375 1973 securi
396 1934 523 1972 feriret
546 1935 714 1986 aliquem
739 1947 886 1981 eorum,
907 1935 974 1986 qui
996 1935 1037 1972 in
1062 1935 1222 1973 vinculis
1248 1949 1306 1975 es-

195 1996 293 2035 sent,
323 1988 494 2026 damnati
521 1989 575 2026 rei
607 1988 788 2039 capitalis.
820 1988 911 2033 Hic,
941 1988 1048 2037 Tito,
1076 1988 1191 2027 fratre
1218 2002 1302 2038 suo,

194 2054 359 2089 censore,
381 2043 464 2093 (qui
482 2042 681 2093 proximus
700 2051 787 2080 ante
804 2055 867 2080 me
885 2042 1025 2089 fuerat)
1050 2043 1198 2094 elapsus
1223 2051 1303 2082 aet:

194 2095 292 2133 mihi
314 2108 401 2133 vero
427 2104 463 2134 et
487 2096 624 2134 Flacco
647 2096 872 2147 neutiquam
896 2096 1049 2158 probari
1075 2097 1200 2148 potuit
1226 2104 1308 2136 tam

194 2149 381 2200 flagitiosa
400 2156 437 2187 et
455 2158 534 2188 tam
553 2150 715 2212 perdita
716 2150 849 2195 libido,
866 2163 953 2201 quae
956 2138 1060 2191 ’cum
1077 2152 1217 2203 probro
1232 2151 1311 2204 pri-

198 2211 286 2241 vato
304 2203 550 2256 conjungeret
567 2203 719 2257 imperii
732 2191 809 2244 ssed
764 2203 909 2243 edecus.
