1470 2402
360 84 441 124 DE
470 83 734 132 OFFICIIS,
766 83 865 122 Lm.
889 82 971 121 ΙΙΙ.
1002 81 1107 122 ΟΑΡ.
1137 84 1196 123 13.
1264 86 1345 131 307

209 193 435 246 quaerimus,
455 194 524 246 qui
542 193 734 233 celaturus
752 191 927 232 Rhodios
946 203 1024 230 non
1042 192 1106 239 sit,
1127 193 1158 232 si
1172 193 1213 232 id
1227 201 1339 247 turpe

207 248 380 299 judioet3
411 249 476 287 sed
495 248 657 295 dubitet,
679 256 791 299 turpe
809 247 871 294 sit,
893 258 942 284 an
962 258 1039 285 non
1058 248 1118 285 sit.

267 304 315 341 In
348 303 573 354 hujusmodi
605 302 740 350 causis,
774 301 881 340 aliud
914 300 1083 352 Diogeni
1115 302 1335 354 Babylonio

210 357 330 396 videri
348 359 456 405 solet,
476 370 619 408 magno
639 365 677 395 et
695 356 802 408 gravi
822 357 964 404 Stoico,
984 355 1090 393 aliud
1109 357 1335 409 Antipatro,

206 411 396 463 discipulo
415 413 510 461 ejus,
531 411 680 449 homini
699 411 928 449 acutissimo.
958 410 1183 462 Antipatro,
1205 412 1336 451 omnia

208 466 484 518 patefacienda,
506 474 550 505 ut
569 479 617 504 ne
636 466 731 518 quid
750 465 920 513 omnino,
942 464 1046 516 quod
1072 465 1245 504 venditor
1263 469 1335 504 no-

204 521 270 569 rit,
298 528 421 559 emtor
446 521 620 572 ignoret:
652 520 836 571 Blogeni,
864 519 1115 566 venditorem,
1142 521 1333 571 quatenus

202 575 291 625 jure
310 575 412 614 civili
430 576 681 614 constitutum
701 575 763 624 sit,
784 574 906 613 dicere
924 573 1017 611 vitia
1035 582 1231 625 oportere:
1263 588 1335 614 cae-

205 637 287 668 tera
311 630 392 669 sine
417 630 564 668 insidiis
589 643 724 681 agere:
761 636 812 675 et,
840 628 1024 681 quoniam
1053 629 1207 677 vendat,
1236 630 1334 669 velle

202 698 323 736 quam
335 685 480 736 optime
496 685 668 723 vendere.
692 683 863 731 Advexi,
877 682 1057 744 exposui,
1065 683 1186 722 vendo
1198 697 1331 723 meum

202 751 282 777 non
310 739 446 791 pluris,
479 752 597 791 quam
628 739 779 777 caeteri·
820 738 977 776 fortasse
1009 737 1125 775 etiam
1156 739 1329 788 minoris,

202 806 294 832 cum
312 794 436 855 major
455 803 510 832 est
528 793 648 846 copia.
680 793 755 831 Cui
774 792 845 831 fit
835 792 999 842 mjuxia.
991 793 1008 819 '³
1037 791 1225 830 Exoritur
1242 793 1331 832 An-

202 847 333 899 tipatri
351 848 447 886 ratio
466 861 514 886 ex
533 848 653 886 altera
671 855 798 900 parte:
831 846 940 908 Quid
959 845 1037 885 ais.
1028 848 1045 874 '³
1073 854 1130 894 tu,
1152 860 1242 885 cum
1261 848 1333 886 ho-

201 902 373 941 minibus
392 903 587 942 consulere
609 903 760 949 debeas,
782 909 819 940 et
844 914 982 940 servire
1008 900 1189 939 humanae
1215 902 1332 941 socie·-

202 957 287 1004 tati,
321 971 443 1009 eaque
472 958 556 1008 lege
588 966 702 996 natus
733 957 796 1005 sis,
829 964 867 994 et
898 969 942 994 ea
971 955 1112 994 habeas
1141 956 1330 1008 principia

200 1019 362 1060 naturae,
383 1012 524 1063 quibus
543 1025 699 1086 parere,
711 1019 747 1049 et
770 1025 858 1063 quae
883 1010 991 1063 sequi
1017 1009 1168 1058 debeas,
1190 1019 1234 1049 ut
1253 1012 1330 1050 uti-

200 1066 288 1104 litas
303 1074 370 1104 tua
384 1067 601 1105 communis
616 1066 760 1104 utilitas
776 1067 836 1114 sit,
854 1065 1096 1126 vicissimque
1111 1066 1328 1104 communis

200 1120 346 1159 utilitas
365 1128 433 1159 tua
451 1121 512 1169 sit,
533 1121 672 1160 celabis
698 1120 886 1167 homines,
908 1119 1004 1180 quid
1028 1119 1074 1157 iis
1099 1119 1198 1158 adsit
1224 1133 1328 1158 com-

200 1175 395 1214 moditatis
415 1182 452 1214 et
471 1176 617 1227 copiae?
657 1175 922 1227 Respondebit
948 1173 1144 1225 Diogenes
1169 1174 1327 1213 fortasse

198 1229 264 1278 sic,
285 1230 411 1268 Aliud
431 1238 486 1268 est
511 1230 645 1278 celare,
666 1229 773 1268 aliud
798 1238 944 1268 tacere:
975 1241 1100 1280 neque
1126 1242 1196 1280 ego
1222 1242 1328 1268 nunc

199 1291 238 1322 te
265 1286 358 1333 celo,
389 1285 421 1323 si
449 1284 519 1323 tibi
546 1298 624 1324 non
653 1285 751 1332 dico,
784 1298 871 1337 quae
897 1292 1035 1322 natura
1062 1283 1237 1322 Deorum
1261 1284 1324 1333 sit,

198 1338 268 1391 qui
287 1339 334 1378 sit
352 1339 439 1377 finis
457 1341 674 1385 bonorum3
705 1353 794 1391 quae
813 1339 884 1378 tibi
908 1339 996 1391 plus
1024 1338 1245 1390 prodessent
1263 1352 1324 1377 co-

198 1394 319 1445 gnita,
346 1407 465 1446 quam
493 1394 607 1433 tritici
635 1393 786 1433 vilitas:
823 1394 888 1432 sed
915 1406 1008 1441 non,
1035 1393 1226 1445 quidquid
1254 1393 1325 1431 tibi

196 1447 330 1487 audire
356 1449 451 1487 utile
476 1457 545 1498 est,
571 1449 611 1487 id
635 1449 733 1486 mihi
758 1448 881 1487 dicere
906 1461 1056 1487 necesse
1084 1455 1151 1486 est.
1192 1447 1324 1486 Immo

195 1514 285 1541 vero
305 1503 469 1555 (inquiet
486 1503 568 1552 ille)
592 1516 741 1542 necesse
766 1510 835 1547 est..
857 1502 888 1541 si
913 1502 1072 1554 quidem
1096 1501 1322 1549 meministi,

195 1568 276 1595 esse
307 1557 405 1596 inter
435 1557 611 1596 homines
644 1556 782 1596 natura
813 1558 1057 1606 conjunctam
1091 1556 1322 1594 societatem.

195 1608 378 1660 Memini,
403 1612 552 1664 inquiet
571 1612 656 1650 ille:
679 1612 745 1650 sed
766 1624 862 1649 num
881 1611 954 1649 ista
972 1611 1128 1650 societas
1147 1610 1233 1648 talis
1252 1618 1322 1660 est,

196 1673 241 1703 ut
258 1665 355 1704 nihil
374 1679 490 1704 suum
509 1667 695 1719 cujusque
715 1666 794 1705 sit?
824 1665 929 1717 quod
948 1665 980 1704 si
1001 1666 1055 1703 ita
1074 1673 1143 1713 est,
1164 1677 1214 1703 ne
1232 1678 1324 1704 ven-

194 1719 366 1758 dendum
385 1720 543 1773 quidem
563 1721 778 1773 quidquam
797 1728 866 1768 est,
887 1720 953 1758 sed
972 1719 1209 1758 donandum.

250 1774 376 1813 XIII.
408 1775 541 1823 Vides,
562 1775 602 1813 in
621 1776 693 1814 hac
712 1775 793 1814 tota
811 1774 1096 1826 disceptatione,
1117 1786 1195 1812 non
1221 1774 1321 1813 illud

195 1827 284 1877 dici,
305 1829 497 1877 Quamvis
514 1829 586 1869 hoc
609 1838 721 1882 turpe
746 1830 808 1878 sit,
828 1836 973 1877 tamen,
995 1828 1180 1881 quoniam
1205 1842 1322 1881 expe-

193 1883 265 1933 dit,
284 1883 449 1931 faciam3
480 1884 545 1923 sed
563 1884 618 1923 ita
644 1884 836 1937 expedire,
858 1891 902 1923 ut
927 1891 1039 1935 turpe
1064 1896 1142 1921 non
1168 1883 1240 1922 sit:
1272 1897 1321 1923 ex

193 1938 312 1977 altera
330 1948 460 1978 autem
490 1946 611 1992 parte,
641 1939 688 1978 ea
712 1953 765 1988 re,
791 1939 884 2001 quia
908 1946 1020 1990 turpe
1044 1938 1108 1987 sit,
1136 1950 1214 1977 non
1240 1951 1320 1977 esse

192 1992 423 2032 faciendum.
461 1994 616 2034 Vendat
645 1994 743 2033 aedes
771 1994 829 2032 vir
855 1995 980 2032 bonus
1005 2000 1160 2045 propter
1187 1993 1319 2045 aliqua

193 2047 296 2095 vitia,
326 2062 413 2100 quae
445 2049 526 2101 ipse
558 2048 674 2097 norit,
704 2048 829 2087 caeteri
856 2048 1060 2099 ignorent·
1099 2047 1319 2100 pestilentes

193 2101 282 2147 sint,
311 2111 347 2141 et
375 2104 590 2143 habeantur
614 2104 808 2142 salubres:
839 2102 1049 2155 ignoretur,
1073 2102 1115 2140 in
1141 2102 1322 2141 omnibus

195 2156 378 2197 cubiculis
406 2172 590 2211 apparere
616 2166 833 2210 serpentes;
863 2158 966 2197 male
988 2156 1212 2207 materiatae,
1242 2156 1322 2195 rui-
