1470 2402
232 151 236 154 -
299 121 379 162 DE
408 121 675 174 OFFICIIS,
703 121 806 163 1:113·
828 121 889 161 11.
919 120 1027 162 CAP.
1056 121 1119 161 13.
1194 123 1271 169 271

137 232 411 287 sequebantur,
440 245 486 272 eo
503 239 611 271 erant
629 232 811 272 contenti.
855 231 958 272 Cum
977 230 1018 269 id
1035 231 1166 270 minus
1185 244 1276 271 con-

138 290 318 341 tingeret,
338 287 442 339 leges
456 294 547 326 sunt
565 287 746 337 inventae,
767 301 856 339 quae
870 299 960 325 cum
979 286 1159 324 omnibus
1174 299 1275 325 sem-

138 357 236 435 perd
237 355 318 381 11113
340 349 456 394 atque
485 341 620 380 eadem
651 355 742 381 voce
766 343 1026 394 loquerentur.
1067 340 1176 392 Ergo
1200 341 1274 380 hoc

140 397 299 451 quidem
329 396 575 448 perspicuum
601 404 671 444 est,
702 410 764 435 eos
790 397 839 434 ad
864 395 1137 457 imperandum
1157 395 1275 447 deligi

141 452 285 501 solitos,
314 463 482 503 quorum
507 450 555 489 de
577 451 727 500 justitia
745 463 889 502 magna
908 457 1003 489 esset
1021 462 1151 501 opimo
1169 451 1274 488 mul-

140 505 329 545 titudinis.
369 505 572 554 Adjuncto
598 519 701 553 vero,
726 514 771 544 ut
796 505 914 544 iidem
934 504 1048 543 etiam
1067 504 1275 555 prudentes

139 561 386 608 haberentur,
415 560 513 597 nihil
532 568 626 607 erat,
647 560 752 612 quod
771 559 946 598 homines
971 559 1032 597 his
1055 558 1275 598 auctoribus·

140 628 220 654 non
238 627 348 667 posse
366 614 546 666 consequi
566 628 604 652 se
623 615 908 653 arbitrarentur.
940 612 1064 652 Omni
1082 613 1200 664 igitur
1215 626 1276 651 ra-

140 670 244 709 tione
258 668 417 708 colenda
436 676 473 706 et
490 668 689 707 retinenda
703 669 853 718 justitia
871 676 941 716 est,
962 675 1047 706 tum
1061 667 1145 719 ipsa
1158 681 1275 719 prop-a

142 731 200 764 ter
225 737 304 763 sese
320 727 433 767 (nam
458 723 567 762 aliter
582 723 732 773 justitia
757 736 834 761 non
854 729 981 769 esset),
1009 730 1095 760 tum
1121 732 1277 774 propter

141 778 482 831 amplificationem
501 778 655 816 honoris
674 786 710 816 et
733 777 876 829 gloriae.
925 776 1015 825 Sed,
1041 784 1086 814 ut
1104 776 1278 827 pecuniae

142 847 221 873 non
236 832 452 885 quaerendae
471 833 597 870 solum
617 833 713 871 ratio
728 840 796 881 est,
818 832 884 871 sed
902 832 1018 870 etiam
1033 831 1277 879 collocandae,

142 902 233 941 quae
250 895 454 948 perpetuos
473 895 623 925 sumtus
647 887 878 939 suppeditet,
905 898 975 925 nec
1000 885 1125 923 solum
1151 898 1281 924 neces-

143 943 274 990 sarios,
296 941 362 980 sed
381 941 497 980 etiam
515 942 716 988 liberales3
748 941 800 980 sic
816 941 939 993 gloria
958 948 996 979 et
1014 940 1221 993 quaerenda
1242 948 1280 979 et

142 996 366 1038 collocanda
383 996 531 1034 ratione
550 1004 617 1034 est.

197 1051 453 1112 Quamquam
471 1051 629 1102 praeclar
632 1063 652 1089 e
671 1050 843 1090 Socrates
861 1049 961 1089 hanc
988 1049 1091 1087 viam
1118 1049 1167 1088 ad
1193 1049 1278 1101 glo-

141 1107 241 1148 riam
272 1105 506 1167 proximam,
548 1112 585 1144 et
615 1105 726 1157 quasi
757 1104 1098 1157 compendiariam,
1128 1104 1279 1142 dicebat

142 1175 237 1210 esse,
265 1160 298 1199 si
316 1159 402 1212 quis
421 1159 462 1198 id
487 1167 629 1221 ageret,
650 1167 708 1207 ut,
727 1160 855 1212 qualis
872 1158 1006 1197 haberi
1032 1158 1159 1205 vellet,
1189 1158 1277 1197 talis

141 1223 250 1257 osset.
279 1213 399 1264 Quod
410 1214 449 1253 si
467 1214 537 1266 qui
550 1188 808 1261 simulatione,
830 1222 866 1252 et
885 1213 991 1251 inani
1009 1212 1275 1262 ostentatione,

143 1280 182 1312 et
198 1271 287 1310 ficto
304 1281 383 1307 non
400 1269 517 1307 modo
530 1281 718 1318 sermone,
739 1268 805 1307 sed
820 1268 936 1307 etiam
951 1267 1076 1315 vultu,
1098 1267 1276 1306 stabilem

142 1340 183 1366 se
200 1324 364 1378 gloriam
378 1323 560 1375 consequi
578 1336 687 1375 posse
705 1333 851 1371 rentur,
872 1322 1117 1361 vehementer
1135 1330 1274 1360 errant.

144 1382 252 1422 Vera
275 1378 397 1431 gloria
424 1378 568 1416 radices
600 1378 694 1429 agit,
725 1386 842 1430 atque
871 1377 987 1416 etiam
1013 1384 1273 1428 propagatur.
1263 1391 1273 1400 ·

145 1435 236 1475 ficta
265 1433 398 1472 omnia
428 1432 612 1480 celeriter,
641 1440 843 1484 tamquam
873 1431 1035 1478 flosculi,
1066 1431 1274 1477 decidunt3

147 1503 218 1530 nec
249 1488 475 1528 simulatum
507 1494 631 1538 potest
663 1487 878 1540 quidquam
916 1499 996 1524 esse
1032 1485 1275 1523 diuturnum.

147 1545 284 1584 Taeoes
298 1550 388 1581 sunt
401 1541 613 1594 permulti
603 1554 644 1579 m
662 1549 868 1593 utramque
886 1548 1059 1593 partem:
1091 1539 1170 1588 sed,
1191 1541 1278 1578 bre-

146 1599 276 1641 vitatis
289 1597 418 1644 causa,
437 1596 587 1634 familia
605 1595 748 1634 erimus
766 1595 935 1634 contenti
952 1607 1043 1632 11113.
1091 1593 1156 1631 Τ1.
1173 1594 1277 1632 enim

146 1652 362 1699 Gracchus,
389 1651 436 1689 P.
453 1651 499 1688 F.
519 1650 669 1688 tamdiu
695 1650 932 1699 laudabitur,
963 1649 1059 1686 dum
1089 1648 1278 1686 memoria

145 1720 277 1753 rerum
307 1706 577 1744 Romanarum
606 1704 801 1742 manebit:
833 1712 873 1742 at
901 1704 983 1753 ejus
1007 1702 1078 1741 filii
1104 1714 1175 1741 nec
1199 1702 1278 1741 vivi

143 1763 407 1820 probabantur
423 1759 549 1810 bonis,
569 1765 607 1797 et
618 1758 764 1797 mermi
776 1770 984 1797 numerum
998 1757 1175 1796 obtinent
1189 1757 1278 1807 jure

142 1828 341 1861 eaeSOI'um

200 1871 329 1912 XIII.
358 1869 443 1918 Qui
471 1868 591 1921 igitur
620 1867 778 1920 adipisci
802 1880 933 1907 veram
962 1865 1127 1918 gloriam
1156 1865 1274 1914 volet,

139 1927 301 1982 justitiae
317 1925 503 1976 fungatur
520 1923 666 1962 01110115.
712 1922 776 1962 Ε3,
793 1936 882 1975 quae
899 1929 1036 1971 essent,
1052 1920 1199 1959 dictum
1219 1926 1277 1959 est

143 1986 241 2025 libro
260 1979 464 2032 superiore.

196 2036 290 2084 Sed,
316 2042 362 2073 ut
383 2032 580 2081 facillime,
601 2032 735 2094 quales
753 2031 895 2094 simus,
919 2031 1014 2070 tales
1040 2043 1119 2069 esse
1143 2029 1274 2069 videa-

145 2108 250 2141 mur,
270 2089 341 2130 etsi
357 2088 400 2127 in
419 2101 462 2127 eo
480 2088 564 2140 ipso
582 2088 639 2126 vis
657 2087 832 2125 maxima
849 2093 919 2136 est,
939 2093 984 2124 ut
1009 2085 1130 2123 simus
1153 2085 1182 2122 ii
1205 2084 1275 2136 qui

146 2145 278 2188 haberi
291 2143 471 2206 velimus,
486 2150 617 2181 tamen
632 2141 812 2194 quaedam
825 2148 1015 2193 praecepta
1028 2139 1156 2178 danda
1169 2145 1272 2177 sunt.

148 2205 270 2248 Nam,
290 2199 322 2238 si
339 2197 427 2250 quis
444 2199 494 2236 ab
512 2197 670 2236 ineunte
688 2203 800 2236 aetate
816 2196 934 2234 habet
947 2207 1103 2236 causam
1117 2192 1277 2233 celebri-

148 2258 236 2298 tatis
256 2261 297 2294 et
320 2252 503 2303 nominis,
532 2258 601 2292 aut
628 2265 652 2291 a
677 2258 788 2304 patre
811 2256 1007 2304 acceptam
1036 2248 1160 2302 (quod
1186 2246 1274 2297 tibi,
1338 2283 1343 2285 ,
