1470 2402
224 119 304 157 360
440 115 517 155 DE
545 114 903 166 SENECTUTE,
925 116 1031 157 cn.
1052 118 1116 157 20.

222 225 281 265 Ut
298 236 450 273 navem,
469 231 514 263 ut
529 223 745 273 aedificium,
765 223 868 263 idem
882 223 1042 264 destruit
1058 223 1253 273 facillime,
1268 225 1337 276 qui

222 279 447 326 construxit,
468 279 520 317 sic
537 279 735 317 hominem
754 279 887 317 eadem
901 279 1058 330 optime,
1075 293 1162 331 quae
1179 279 1338 330 conglu-

221 333 372 380 tinavit,
401 342 538 371 natura
564 332 744 370 dissolvit.
787 333 815 370 J
817 345 881 370 am
909 333 1035 371 omnis
1063 332 1337 383 conglutinatio

221 399 350 426 recens
376 399 487 437 aegre,
507 386 713 424 inveterata
739 386 863 435 facile,
890 386 1094 425 divellitur.
1137 387 1199 425 Ita
1217 387 1275 435 fit,
1294 393 1340 425 ut

222 440 321 479 illud
338 442 450 479 breve
469 440 556 478 vitae
574 440 766 492 reliquum
785 453 854 478 nec
872 440 981 479 avide
999 440 1256 492 appetendum
1282 453 1340 479 se-

220 494 349 541 nibus,
369 507 438 532 nec
457 494 537 532 sine
556 494 669 532 caus&
687 493 936 532 deserendum
956 494 1014 532 sit.
1045 494 1239 545 Vetatque
1258 494 1339 545 Py-

221 548 412 598 thagoras,
424 548 570 597 injussu
584 548 835 599 imperatoris,
846 547 902 590 (id
915 555 982 596 est,
999 547 1092 594 Dei)
1104 548 1152 586 de
1165 548 1341 599 praesidio

222 609 261 641 et
285 602 444 640 statione
468 602 553 639 vitae
578 601 765 640 decedere.
807 602 955 641 So1onis
980 601 1136 653 quidem
1161 601 1341 653 sapientis

222 655 390 706 elogium
417 663 485 701 est,
507 668 584 706 quo
603 668 641 693 se
659 663 774 707 negat
791 655 888 694 velle
903 669 1011 693 suam
1030 663 1193 694 mortem
1211 655 1341 695 dolore

222 709 433 748 amicorum
461 716 498 747 et
522 709 698 747 lamentis
722 722 867 748 vacare.
909 709 1010 747 Vult
1035 709 1178 756 (credo)
1198 723 1237 748 se
1262 722 1342 749 esse

222 775 354 803 carum
374 762 462 801 suis.
493 763 569 801 Sed
585 763 691 801 haud
709 763 799 811 scio,
819 776 869 801 an
887 763 1025 801 melius
1043 763 1217 802 Ennius:

277 839 307 861 “
327 837 370 929 11}
372 850 540 909 erno‚}ne
556 837 733 889 lacrymis
751 837 914 887 decoret,
927 850 1051 890 neque
1069 838 1205 877 funera
1221 837 1314 877 fletu

365 899 458 929 axit.

222 980 315 1020 Non
335 988 459 1019 censet
476 980 685 1032 lugendam
704 993 783 1020 esse
806 990 985 1030 mortem,
1006 993 1125 1032 quam
1142 980 1342 1020 immorta-

221 1035 309 1073 litas
328 1043 592 1086 consequatur.

277 1088 372 1126 Jam
392 1101 522 1127 sensus
540 1088 717 1126 morienti
736 1088 874 1140 aliquis
899 1101 976 1127 esse
1002 1095 1138 1140 potest,
1158 1089 1268 1140 isque
1292 1088 1342 1128 ad

223 1142 410 1193 exiguum
429 1150 595 1193 tempus,
616 1143 824 1193 praesertim
844 1143 945 1180 seni.
975 1150 1061 1192 post
1078 1150 1242 1181 mortem
1257 1143 1344 1194 qui-

222 1195 327 1241 dem,
348 1208 478 1234 sensus
504 1204 571 1233 aut
596 1195 785 1246 optandus
811 1204 879 1234 aut
903 1196 1034 1234 nullus
1060 1204 1125 1234 est.
1171 1196 1246 1235 Sed
1270 1197 1343 1235 hoc

221 1249 450 1287 meditatum
481 1251 529 1287 ab
560 1249 809 1287 adolescentia
839 1250 952 1287 debet
981 1262 1073 1296 esse,
1104 1257 1267 1288 mortem
1297 1258 1342 1288 ut

222 1303 487 1353 negligamus:
520 1303 599 1341 sine
630 1304 707 1354 qufi
737 1303 995 1349 meditatione,
1027 1304 1234 1355 tranquillo
1264 1317 1344 1343 esse

222 1357 353 1395 animo
372 1369 485 1395 nemo
503 1364 636 1408 potest.
678 1357 928 1394 Moriendum
954 1357 1056 1395 enim
1077 1368 1175 1395 certe
1194 1365 1274 1402 est,
1306 1366 1344 1396 et

223 1410 263 1448 id
282 1411 483 1456 incertum,
505 1423 553 1448 an
575 1423 618 1448 eo
637 1411 719 1461 ipso
738 1410 810 1448 die.
842 1410 1012 1449 Mortem
1031 1410 1149 1461 igitur
1162 1412 1343 1450 omnibus

223 1463 328 1502 horis
341 1464 627 1515 impendentem
641 1465 792 1510 timens,
815 1466 882 1515 qui
903 1465 1040 1516 poterit
1059 1464 1191 1503 animo
1205 1465 1346 1504 consis-

223 1520 334 1556 tere?
363 1517 426 1556 De
445 1531 524 1568 qua
550 1531 626 1556 non
653 1518 706 1556 ita
729 1519 846 1569 longa
865 1518 1120 1569 disputatione
1145 1531 1241 1570 opus
1266 1533 1345 1558 esse

223 1571 388 1618 videtur,
414 1584 502 1610 cum
529 1571 714 1617 recorder,
742 1585 817 1610 non
844 1572 970 1610 solum
993 1572 1042 1610 L.
1063 1573 1248 1620 Brutum,
1275 1573 1343 1625 qui

223 1624 264 1663 in
283 1625 478 1663 liberanda
497 1626 621 1677 patri&
639 1634 694 1664 est
716 1625 960 1671 interfectum
990 1638 1067 1664 non
1091 1625 1168 1664 duo
1188 1626 1341 1676 Decios,

224 1679 292 1730 qui
307 1679 355 1716 ad
374 1678 628 1717 volunmriam
647 1687 811 1718 mortem
829 1692 984 1718 cursum
1004 1692 1191 1731 equorum
1209 1681 1345 1720 incita-

224 1740 362 1771 verunt
377 1746 389 1777 3
419 1745 496 1771 non
512 1733 572 1770 M.
589 1733 774 1779 Atilium,
791 1734 859 1784 qui
874 1733 922 1771 ad
941 1733 1172 1785 supplicium
1187 1742 1243 1772 est
1255 1748 1345 1785 pro-

223 1785 360 1833 fectus,
380 1793 426 1824 ut
449 1787 566 1825 fidem
588 1787 687 1824 hosti
712 1787 842 1825 datam
868 1795 1123 1833 conservaret3
1153 1800 1230 1826 non
1247 1788 1345 1827 duos

225 1840 434 1891 Scipiones,
459 1840 527 1892 qui
547 1841 617 1879 iter
636 1841 764 1879 Poenis
783 1841 844 1878 vel
863 1841 1080 1892 corporibus
1099 1841 1176 1880 suis
1194 1843 1346 1881 obstru-

227 1905 288 1932 ere
316 1894 547 1938 voluerunt;
586 1907 663 1932 non
690 1906 807 1932 avum
831 1902 959 1941 tuum,
988 1894 1036 1932 L.
1058 1895 1243 1944 Paulum,
1275 1896 1346 1958 gui

225 1954 350 1985 morte
373 1947 448 1985 luit
470 1948 657 1998 collegae'
647 1960 687 1985 m
707 1947 928 1986 Cannensi
917 1948 1130 2010 ignominia
1154 1950 1345 1988 temen‘taf-

226 2007 334 2045 tem3
364 2012 441 2039 non
458 2001 518 2038 M.
534 2001 780 2048 Marcellum,
802 2003 912 2051 cujus
929 2002 1127 2040 interitum
1145 2014 1194 2041 ne
1211 2003 1346 2042 crude-

224 2052 393 2091 lissimus
412 2055 569 2097 Quidem
587 2055 705 2093 hostis
728 2055 872 2093 honore
895 2056 1099 2106 sepulturae
1117 2069 1240 2095 carere
1257 2070 1345 2108 pas-

227 2119 291 2145 sus
311 2119 393 2152 est;
424 2108 489 2146 sed
507 2108 673 2158 legiones
692 2116 836 2147 nostras
855 2110 977 2160 (quod
995 2109 1125 2160 scripsi
1147 2110 1188 2147 in
1209 2113 1237 2132 “
1253 2110 1346 2149 Ori.

227 2160 409 2211 ginibus''
419 2168 434 2210 )
450 2162 490 2199 in
510 2174 600 2200 eum
619 2175 719 2214 saepe
735 2163 864 2201 locum
882 2163 1070 2214 profectas
1089 2163 1203 2201 alacri
1216 2164 1347 2203 animo

228 2221 265 2255 et
284 2225 420 2265 erecte,
440 2215 544 2255 unde
563 2228 602 2254 se
627 2228 827 2268 nunquam
852 2216 1038 2257 redituras
1059 2217 1345 2256 arbitrarentur.
