1470 2402
251 110 329 150 DE
357 111 782 163 DIVINATIONE,
798 113 898 152 LIB.
917 113 975 152 11.
987 113 1097 152 CAP.
1115 116 1180 153 50.
1229 115 1278 154 91

158 220 343 258 sciemus:
373 233 497 272 neque
514 222 586 260 hoc
604 222 773 261 alienum
799 223 946 260 ducunt
964 223 1161 271 majestate
1180 222 1248 260 su&
1263 236 1277 268 3

159 275 257 312 nihil
275 282 330 313 est
351 275 453 313 enim
478 275 727 314 beneficenti&
751 277 1019 328 praestantius:
1050 288 1174 327 neque
1199 289 1277 314 non

160 337 318 379 possunt
335 329 466 366 futura
482 343 738 380 praenoscere:
770 343 847 368 non
865 331 983 381 igitur
1001 330 1070 367 Dii
1089 338 1191 375 sunt,
1208 343 1278 368 nec

161 383 373 434 significant
387 383 496 421 nobis
514 383 644 422 futura
659 400 668 422 ε
700 393 789 423 sunt
801 392 929 422 autem
943 384 1011 421 Dii
1026 399 1035 421 :
1065 384 1279 434 significant

161 452 261 491 ergo·
291 439 346 477 Et
363 451 455 485 non,
476 438 508 475 si
526 438 738 489 significant
756 440 900 485 futura,
917 439 1041 475 nullas
1061 438 1152 475 dant
1170 438 1279 476 nobis

161 494 241 531 vias
259 493 309 531 ad
327 492 645 542 significationum
665 493 885 536 scientiam3
915 492 1056 529 fruma
1081 493 1183 529 enim
1204 492 1280 542 sig-

163 548 385 585 nificarent:
418 559 555 597 neque,
586 547 617 584 si
643 546 736 585 dant
762 546 855 594 vias,
882 558 959 583 non
987 554 1041 584 est
1067 545 1277 583 dixinatio:

164 608 219 639 est
236 601 352 652 igitur
370 600 564 638 divinatio.

219 654 257 694 Ο
277 662 405 692 acutos
422 654 620 692 homines!
653 667 770 706 quam
789 654 920 705 paucis
937 653 1060 691 verbis
1083 653 1280 704 negotium

166 709 380 748 confectum
409 709 575 759 putant!
614 708 675 746 Ea
702 717 859 747 sumunt
885 708 933 745 ad
960 707 1279 755 concludendum,

167 775 331 814 quorum
349 763 395 800 iis
413 762 509 799 nihi]
529 763 756 800 conceditur.
797 762 1000 800 Conclusio
1019 769 1148 799 autem
1166 761 1281 799 ratio-

167 817 226 854 nis
245 830 288 855 ea
305 816 501 867 probanda
520 823 588 862 est,
609 816 649 853 in
669 815 759 867 quei,
773 829 820 854 ex
839 818 951 854 rebus
969 827 1046 853 non
1065 815 1206 862 dubiis,
1225 815 1281 863 id,

167 871 272 923 quod
289 870 497 915 dubitatur,
519 870 689 907 efficitur.

222 925 269 963 L.
299 924 466 962 Videsne
484 923 713 974 Epicuiuim
743 937 859 975 quem
883 924 1059 962 hebetem
1085 930 1122 960 et
1146 923 1282 961 rudem

165 979 287 1017 dicere
305 979 426 1016 solent
445 978 574 1023 Stoici,
597 978 938 1029 quemadmodum,
960 977 1063 1028 quod
1085 977 1125 1014 in
1144 978 1282 1015 natur&

165 1046 291 1071 rerum
311 1044 424 1070 omne
443 1044 520 1069 esse
538 1031 713 1077 dicimus,
730 1032 770 1069 id
783 1032 978 1069 infinitum
997 1044 1075 1069 esse
1090 1032 1282 1068 concluse-

165 1087 245 1125 rit?
268 1085 385 1133 Quod
398 1085 553 1122 finitum
565 1093 633 1130 est,
649 1085 790 1136 inquit,
806 1086 920 1123 habet
932 1094 1159 1123 extremum.
1181 1084 1282 1131 Quis

163 1141 236 1179 hoe
253 1153 330 1178 non
342 1139 514 1177 dederit.
502 1149 517 1164 ³
547 1138 665 1186 Quod
683 1139 798 1177 habet
811 1148 1040 1185 extremum,
1057 1139 1096 1176 id
1116 1139 1282 1176 cernitur

165 1209 214 1233 ex
239 1194 314 1232 alio
333 1194 576 1232 extrinsecus.
617 1193 705 1231 Hoc
730 1207 884 1245 quoque
903 1202 958 1232 est
983 1192 1280 1231 concedendum.

164 1250 238 1297 At,
258 1247 363 1300 quod
380 1260 494 1286 omne
512 1254 581 1293 est,
601 1247 642 1284 id
660 1260 734 1285 non
756 1256 920 1286 cernitur
939 1260 986 1285 ex
1006 1247 1080 1284 alio
1099 1247 1282 1284 extrinse-

165 1317 242 1342 cus,
272 1303 337 1340 Ne
354 1302 425 1340 hoc
444 1301 601 1352 quidem
619 1302 750 1352 negari
766 1310 901 1353 potest.
933 1301 1045 1338 Nihil
1059 1301 1176 1351 igitur
1190 1313 1281 1338 cum

163 1357 302 1395 habeat
320 1364 550 1402 extremum,
566 1355 761 1393 infinitum
776 1356 823 1393 sit
838 1368 985 1393 necesse
1000 1363 1066 1392 est.
1074 1332 1133 1391 ov
1137 1355 1280 1400 idesne,

165 1418 211 1449 ut
229 1411 278 1448 ad
296 1423 376 1448 rem
395 1409 553 1447 dubiam
574 1410 754 1447 concessis
779 1412 892 1447 rebus
916 1408 1126 1460 pervenerit
1145 1411 1162 1447 Ρ
1192 1409 1281 1446 Hoc

165 1478 231 1504 vos
249 1464 434 1502 dialectici
453 1476 529 1501 non
548 1463 693 1501 facitis:
723 1476 792 1502 nec
818 1465 943 1501 solum
968 1476 1012 1500 ea
1036 1475 1113 1500 non
1133 1463 1282 1500 sumitis

166 1519 216 1558 ad
244 1517 562 1563 concludendum,
595 1531 682 1568 quae
711 1520 759 1555 ab
790 1518 968 1555 omnihus
1001 1516 1279 1561 concedantur;

167 1573 233 1612 sed
251 1586 295 1611 ea
312 1572 474 1617 sumitis,
496 1571 636 1622 quibus
655 1572 849 1616 concessis,
865 1571 985 1608 11111110
1003 1571 1127 1620 magis
1145 1570 1284 1608 efficia-

168 1636 246 1674 tur,
266 1626 369 1677 qued
386 1625 520 1663 velitis.
562 1625 739 1663 Primum
759 1626 861 1663 enim
888 1625 961 1662 hoc
987 1624 1148 1661 sumitis.
1191 1627 1220 1646 “
1241 1624 1284 1662 ‚Si

167 1689 256 1720 sunt
275 1680 357 1724 Dii,
376 1679 535 1717 benefici
553 1679 594 1716 in
613 1679 785 1718 homines
804 1679 933 1717 sunt.''
967 1678 1068 1725 Quis
1086 1678 1159 1714 hoc
1177 1677 1284 1716 vobis

166 1735 272 1773 dabit
286 1737 303 1772 ?
332 1734 586 1784 Epicurusne,
612 1733 681 1784 qui
705 1742 818 1784 negat
844 1732 1057 1784 quidquam
1085 1731 1188 1769 Deos
1214 1744 1284 1769 nec

167 1788 282 1827 aiieni
299 1800 429 1825 curare
448 1800 517 1824 nec
541 1787 628 1824 sui?
653 1800 702 1824 an
721 1795 847 1825 noster
866 1786 1032 1833 Ennius,
1056 1785 1125 1836 qui
1142 1797 1285 1837 magno

162 1844 237 1895 pla
232 1855 300 1880 1511
318 1841 502 1892 1001111111,
520 1841 742 1879 assentiente
760 1841 926 1892 populo·

219 1920 248 1940 “
268 1916 356 1967 Ego
382 1915 512 1953 Βεΐ111
541 1929 661 1966 genus
691 1929 769 1954 esse
798 1928 946 1966 semper
972 1914 1067 1962 dixi,
1096 1922 1132 1952 et
1158 1913 1283 1975 dicam

378 1969 572 2008 coelitum·
560 1999 572 2014 ,

217 2024 292 2065 Sed
318 2037 381 2062 eos
406 2036 484 2061 non
509 2037 640 2062 curare
665 2023 812 2075 opinor,
833 2022 928 2074 quid
952 2030 1041 2073 agat
1063 2022 1282 2080 humanum

378 2078 524 2128 genus.

163 2168 217 2207 Et
235 2166 407 2219 quidem,
428 2179 495 2205 cur
515 2166 566 2205 sic
586 2166 777 2218 opinetur,
797 2165 983 2204 rationem
1002 2164 1166 2214 subjicit.
1207 2161 1283 2202 Sed
