<?xml version="1.0" encoding="UTF-8"?>
<!DOCTYPE html PUBLIC "-//W3C//DTD XHTML 1.0 Transitional//EN"
    "http://www.w3.org/TR/xhtml1/DTD/xhtml1-transitional.dtd">
<html xmlns="http://www.w3.org/1999/xhtml" xml:lang="en" lang="en">
 <head>
  <title>
</title>
<meta http-equiv="Content-Type" content="text/html;charset=utf-8" />
  <meta name='ocr-system' content='tesseract 3.04.00' />
  <meta name='ocr-capabilities' content='ocr_page ocr_carea ocr_par ocr_line ocrx_word'/>
</head>
<body>
  <div class='ocr_page' id='page_1' title='image "./operaern04ciceuoft_0318.png"; bbox 0 0 1470 2402; ppageno 0'>
   <div class='ocr_carea' id='block_1_1' title="bbox 158 68 1144 119">
    <p class='ocr_par' dir='ltr' id='par_1_1' title="bbox 158 68 1144 119">
     <span class='ocr_line' id='line_1_1' title="bbox 158 68 1144 119; baseline 0 -11"><span class='ocrx_word' id='word_1_1' title='bbox 158 69 240 109; x_wconf 77' lang='lat'><strong>304</strong></span> <span class='ocrx_word' id='word_1_2' title='bbox 307 68 386 108; x_wconf 90' lang='lat' dir='ltr'><strong>DE</strong></span> <span class='ocrx_word' id='word_1_3' title='bbox 415 68 680 119; x_wconf 86' lang='lat' dir='ltr'><strong>OFFICIIS,</strong></span> <span class='ocrx_word' id='word_1_4' title='bbox 711 70 812 109; x_wconf 79' lang='lat' dir='ltr'><strong>Lm.</strong></span> <span class='ocrx_word' id='word_1_5' title='bbox 837 70 921 110; x_wconf 84' lang='grc' dir='ltr'><strong>ΙΙΙ.</strong></span> <span class='ocrx_word' id='word_1_6' title='bbox 950 69 1057 109; x_wconf 70' lang='lat' dir='ltr'>CAP.</span> <span class='ocrx_word' id='word_1_7' title='bbox 1082 70 1144 109; x_wconf 88' lang='lat' dir='ltr'><strong>lo.</strong></span> 
     </span>
    </p>
   </div>
   <div class='ocr_carea' id='block_1_2' title="bbox 155 176 1291 2243">
    <p class='ocr_par' dir='ltr' id='par_1_2' title="bbox 156 176 1282 273">
     <span class='ocr_line' id='line_1_2' title="bbox 156 176 1282 232; baseline 0 -16"><span class='ocrx_word' id='word_1_8' title='bbox 156 191 234 230; x_wconf 90' lang='lat' dir='ltr'><strong>que</strong></span> <span class='ocrx_word' id='word_1_9' title='bbox 253 179 343 218; x_wconf 82' lang='lat' dir='ltr'><strong>satis</strong></span> <span class='ocrx_word' id='word_1_10' title='bbox 356 179 549 218; x_wconf 81' lang='lat' dir='ltr'><strong>idoneam.</strong></span> <span class='ocrx_word' id='word_1_11' title='bbox 578 179 756 220; x_wconf 84' lang='lat' dir='ltr'><strong>Peccavit</strong></span> <span class='ocrx_word' id='word_1_12' title='bbox 768 179 900 232; x_wconf 82' lang='lat' dir='ltr'><strong>igitur,</strong></span> <span class='ocrx_word' id='word_1_13' title='bbox 919 192 1013 232; x_wconf 87' lang='lat' dir='ltr'><strong>pace</strong></span> <span class='ocrx_word' id='word_1_14' title='bbox 1030 178 1093 218; x_wconf 86' lang='lat' dir='ltr'><strong>vel</strong></span> <span class='ocrx_word' id='word_1_15' title='bbox 1109 176 1282 228; x_wconf 85' lang='lat' dir='ltr'><strong>Quirini,</strong></span> 
     </span>
     <span class='ocr_line' id='line_1_3' title="bbox 157 233 613 282; baseline 0.007 -12.187"><span class='ocrx_word' id='word_1_16' title='bbox 157 233 219 271; x_wconf 84' lang='lat' dir='ltr'><strong>vel</strong></span> <span class='ocrx_word' id='word_1_17' title='bbox 239 233 415 282; x_wconf 79' lang='lat' dir='ltr'><strong>Romuli,</strong></span> <span class='ocrx_word' id='word_1_18' title='bbox 437 234 613 273; x_wconf 83' lang='lat' dir='ltr'><strong>dixerim.</strong></span> 
     </span>
    </p>

    <p class='ocr_par' dir='ltr' id='par_1_3' title="bbox 155 286 1290 816">
     <span class='ocr_line' id='line_1_4' title="bbox 211 286 1281 334; baseline -0.001 -8.997"><span class='ocrx_word' id='word_1_19' title='bbox 211 287 297 326; x_wconf 84' lang='lat' dir='ltr'><strong>Nec</strong></span> <span class='ocrx_word' id='word_1_20' title='bbox 316 296 446 327; x_wconf 86' lang='lat' dir='ltr'><strong>tamen</strong></span> <span class='ocrx_word' id='word_1_21' title='bbox 465 298 602 327; x_wconf 85' lang='lat' dir='ltr'><strong>nostrae</strong></span> <span class='ocrx_word' id='word_1_22' title='bbox 621 289 731 328; x_wconf 89' lang='lat' dir='ltr'><strong>nobis</strong></span> <span class='ocrx_word' id='word_1_23' title='bbox 745 289 927 328; x_wconf 66' lang='lat' dir='ltr'><strong>utilitatae</strong></span> <span class='ocrx_word' id='word_1_24' title='bbox 941 286 1163 328; x_wconf 79' lang='lat' dir='ltr'><strong>omittendae</strong></span> <span class='ocrx_word' id='word_1_25' title='bbox 1176 293 1281 334; x_wconf 83' lang='lat' dir='ltr'><strong>sunt,</strong></span> 
     </span>
     <span class='ocr_line' id='line_1_5' title="bbox 156 341 1284 409; baseline 0.001 -30"><span class='ocrx_word' id='word_1_26' title='bbox 156 341 319 403; x_wconf 76' lang='lat' dir='ltr'><strong>aliisque</strong></span> <span class='ocrx_word' id='word_1_27' title='bbox 348 343 557 391; x_wconf 67' lang='lat' dir='ltr'><strong>tradendae,</strong></span> <span class='ocrx_word' id='word_1_28' title='bbox 589 356 679 382; x_wconf 91' lang='lat' dir='ltr'><strong>cum</strong></span> <span class='ocrx_word' id='word_1_29' title='bbox 708 344 768 382; x_wconf 85' lang='lat' dir='ltr'><strong>his</strong></span> <span class='ocrx_word' id='word_1_30' title='bbox 797 344 870 396; x_wconf 85' lang='lat' dir='ltr'><strong>ipsi</strong></span> <span class='ocrx_word' id='word_1_31' title='bbox 900 356 1080 409; x_wconf 78' lang='lat' dir='ltr'><strong>egemus:</strong></span> <span class='ocrx_word' id='word_1_32' title='bbox 1111 341 1178 381; x_wconf 80' lang='lat' dir='ltr'><strong>sed</strong></span> <span class='ocrx_word' id='word_1_33' title='bbox 1204 353 1284 380; x_wconf 85' lang='lat' dir='ltr'><strong>suae</strong></span> 
     </span>
     <span class='ocr_line' id='line_1_6' title="bbox 155 395 1285 450; baseline 0.001 -17"><span class='ocrx_word' id='word_1_34' title='bbox 155 396 295 448; x_wconf 89' lang='lat' dir='ltr'><strong>cuique</strong></span> <span class='ocrx_word' id='word_1_35' title='bbox 321 397 493 445; x_wconf 85' lang='lat' dir='ltr'><strong>utilitati,</strong></span> <span class='ocrx_word' id='word_1_36' title='bbox 520 398 625 450; x_wconf 91' lang='lat' dir='ltr'><strong>quod</strong></span> <span class='ocrx_word' id='word_1_37' title='bbox 650 398 730 437; x_wconf 86' lang='lat' dir='ltr'><strong>sine</strong></span> <span class='ocrx_word' id='word_1_38' title='bbox 755 398 910 437; x_wconf 88' lang='lat' dir='ltr'><strong>alterius</strong></span> <span class='ocrx_word' id='word_1_39' title='bbox 934 397 1079 448; x_wconf 87' lang='lat' dir='ltr'><strong>injuria</strong></span> <span class='ocrx_word' id='word_1_40' title='bbox 1096 395 1178 444; x_wconf 83' lang='lat' dir='ltr'><strong>fiat,</strong></span> <span class='ocrx_word' id='word_1_41' title='bbox 1207 407 1285 434; x_wconf 84' lang='lat' dir='ltr'><strong>ser-</strong></span> 
     </span>
     <span class='ocr_line' id='line_1_7' title="bbox 156 448 1286 505; baseline -0.001 -17"><span class='ocrx_word' id='word_1_42' title='bbox 156 450 340 489; x_wconf 88' lang='lat' dir='ltr'><strong>viendum</strong></span> <span class='ocrx_word' id='word_1_43' title='bbox 374 461 440 490; x_wconf 85' lang='lat' dir='ltr'><strong>est.</strong></span> <span class='ocrx_word' id='word_1_44' title='bbox 486 453 587 491; x_wconf 85' lang='lat' dir='ltr'><strong>Scite</strong></span> <span class='ocrx_word' id='word_1_45' title='bbox 617 452 871 505; x_wconf 86' lang='lat' dir='ltr'>Chrysippus,</span> <span class='ocrx_word' id='word_1_46' title='bbox 902 460 948 491; x_wconf 90' lang='lat' dir='ltr'><strong>ut</strong></span> <span class='ocrx_word' id='word_1_47' title='bbox 975 452 1159 499; x_wconf 80' lang='lat' dir='ltr'><strong>multa,‘</strong></span> <span class='ocrx_word' id='word_1_48' title='bbox 1163 448 1286 498; x_wconf 90' lang='lat' dir='ltr'><strong>‘Qui</strong></span> 
     </span>
     <span class='ocr_line' id='line_1_8' title="bbox 156 503 1286 558; baseline -0.001 -15"><span class='ocrx_word' id='word_1_49' title='bbox 156 505 340 553; x_wconf 80' lang='lat' dir='ltr'><strong>stadium,</strong></span> <span class='ocrx_word' id='word_1_50' title='bbox 345 506 370 523; x_wconf 82' lang='lat'><strong>&#39;⁹</strong></span> <span class='ocrx_word' id='word_1_51' title='bbox 399 507 540 558; x_wconf 82' lang='lat' dir='ltr'><strong>inquit,</strong></span> <span class='ocrx_word' id='word_1_52' title='bbox 572 509 601 529; x_wconf 85' lang='lat'>“</span> <span class='ocrx_word' id='word_1_53' title='bbox 621 508 752 555; x_wconf 90' lang='lat' dir='ltr'><strong>currit,</strong></span> <span class='ocrx_word' id='word_1_54' title='bbox 782 508 875 546; x_wconf 84' lang='lat' dir='ltr'><strong>eniti</strong></span> <span class='ocrx_word' id='word_1_55' title='bbox 902 515 939 545; x_wconf 90' lang='lat' dir='ltr'><strong>et</strong></span> <span class='ocrx_word' id='word_1_56' title='bbox 968 504 1195 546; x_wconf 84' lang='lat' dir='ltr'>contendere</span> <span class='ocrx_word' id='word_1_57' title='bbox 1219 503 1286 542; x_wconf 89' lang='lat' dir='ltr'><strong>de-</strong></span> 
     </span>
     <span class='ocr_line' id='line_1_9' title="bbox 156 559 1288 614; baseline 0 -17"><span class='ocrx_word' id='word_1_58' title='bbox 156 560 236 607; x_wconf 89' lang='lat' dir='ltr'><strong>bet,</strong></span> <span class='ocrx_word' id='word_1_59' title='bbox 268 573 387 611; x_wconf 91' lang='lat' dir='ltr'><strong>quam</strong></span> <span class='ocrx_word' id='word_1_60' title='bbox 417 562 589 600; x_wconf 82' lang='lat' dir='ltr'>maxime</span> <span class='ocrx_word' id='word_1_61' title='bbox 617 561 750 614; x_wconf 87' lang='lat' dir='ltr'><strong>possit,</strong></span> <span class='ocrx_word' id='word_1_62' title='bbox 783 570 829 601; x_wconf 88' lang='lat' dir='ltr'><strong>ut</strong></span> <span class='ocrx_word' id='word_1_63' title='bbox 857 561 1009 600; x_wconf 86' lang='lat' dir='ltr'><strong>vincat·</strong></span> <span class='ocrx_word' id='word_1_64' title='bbox 1040 559 1288 613; x_wconf 78' lang='lat' dir='ltr'><strong>supplantare</strong></span> 
     </span>
     <span class='ocr_line' id='line_1_10' title="bbox 156 612 1289 668; baseline 0 -17"><span class='ocrx_word' id='word_1_65' title='bbox 156 626 263 661; x_wconf 90' lang='lat' dir='ltr'><strong>eum,</strong></span> <span class='ocrx_word' id='word_1_66' title='bbox 280 617 441 666; x_wconf 83' lang='lat' dir='ltr'><strong>quicum</strong></span> <span class='ocrx_word' id='word_1_67' title='bbox 461 624 590 662; x_wconf 84' lang='lat' dir='ltr'><strong>certet,</strong></span> <span class='ocrx_word' id='word_1_68' title='bbox 607 625 675 654; x_wconf 90' lang='lat' dir='ltr'><strong>aut</strong></span> <span class='ocrx_word' id='word_1_69' title='bbox 688 629 808 655; x_wconf 89' lang='lat' dir='ltr'><strong>manu</strong></span> <span class='ocrx_word' id='word_1_70' title='bbox 827 616 1030 668; x_wconf 85' lang='lat' dir='ltr'><strong>depellere,</strong></span> <span class='ocrx_word' id='word_1_71' title='bbox 1045 614 1154 654; x_wconf 89' lang='lat' dir='ltr'><strong>nullo</strong></span> <span class='ocrx_word' id='word_1_72' title='bbox 1170 612 1289 652; x_wconf 88' lang='lat' dir='ltr'><strong>modo</strong></span> 
     </span>
     <span class='ocr_line' id='line_1_11' title="bbox 157 666 1289 730; baseline 0 -24"><span class='ocrx_word' id='word_1_73' title='bbox 157 667 296 706; x_wconf 89' lang='lat' dir='ltr'><strong>debet:</strong></span> <span class='ocrx_word' id='word_1_74' title='bbox 328 669 379 708; x_wconf 87' lang='lat' dir='ltr'><strong>sic</strong></span> <span class='ocrx_word' id='word_1_75' title='bbox 399 670 439 707; x_wconf 91' lang='lat' dir='ltr'><strong>in</strong></span> <span class='ocrx_word' id='word_1_76' title='bbox 466 670 544 708; x_wconf 87' lang='lat' dir='ltr'><strong>vita</strong></span> <span class='ocrx_word' id='word_1_77' title='bbox 563 670 635 709; x_wconf 89' lang='lat' dir='ltr'><strong>sibi</strong></span> <span class='ocrx_word' id='word_1_78' title='bbox 654 683 849 723; x_wconf 90' lang='lat' dir='ltr'><strong>quemque</strong></span> <span class='ocrx_word' id='word_1_79' title='bbox 872 678 1014 722; x_wconf 89' lang='lat' dir='ltr'><strong>petere,</strong></span> <span class='ocrx_word' id='word_1_80' title='bbox 1042 668 1148 722; x_wconf 91' lang='lat' dir='ltr'><strong>quod</strong></span> <span class='ocrx_word' id='word_1_81' title='bbox 1171 666 1289 730; x_wconf 76' lang='lat' dir='ltr'><strong>perti-</strong></span> 
     </span>
     <span class='ocr_line' id='line_1_12' title="bbox 157 722 1290 777; baseline 0 -17"><span class='ocrx_word' id='word_1_82' title='bbox 157 730 247 761; x_wconf 86' lang='lat' dir='ltr'><strong>neat</strong></span> <span class='ocrx_word' id='word_1_83' title='bbox 266 723 315 760; x_wconf 90' lang='lat' dir='ltr'><strong>ad</strong></span> <span class='ocrx_word' id='word_1_84' title='bbox 335 737 465 773; x_wconf 88' lang='lat' dir='ltr'><strong>usum,</strong></span> <span class='ocrx_word' id='word_1_85' title='bbox 487 737 564 763; x_wconf 90' lang='lat' dir='ltr'><strong>non</strong></span> <span class='ocrx_word' id='word_1_86' title='bbox 583 725 764 777; x_wconf 89' lang='lat' dir='ltr'><strong>iniquum</strong></span> <span class='ocrx_word' id='word_1_87' title='bbox 779 733 858 764; x_wconf 91' lang='lat' dir='ltr'><strong>est·</strong></span> <span class='ocrx_word' id='word_1_88' title='bbox 889 724 1000 763; x_wconf 82' lang='lat' dir='ltr'><strong>alteri</strong></span> <span class='ocrx_word' id='word_1_89' title='bbox 1017 723 1202 776; x_wconf 87' lang='lat' dir='ltr'><strong>deripere,</strong></span> <span class='ocrx_word' id='word_1_90' title='bbox 1224 722 1290 772; x_wconf 89' lang='lat' dir='ltr'><strong>jus</strong></span> 
     </span>
     <span class='ocr_line' id='line_1_13' title="bbox 159 779 354 816; baseline 0.012 -2"><span class='ocrx_word' id='word_1_91' title='bbox 159 788 237 815; x_wconf 90' lang='lat' dir='ltr'><strong>non</strong></span> <span class='ocrx_word' id='word_1_92' title='bbox 257 779 354 816; x_wconf 85' lang='lat' dir='ltr'><strong>est.”</strong></span> 
     </span>
    </p>

    <p class='ocr_par' dir='ltr' id='par_1_4' title="bbox 156 830 1291 2028">
     <span class='ocr_line' id='line_1_14' title="bbox 214 830 1287 886; baseline 0.001 -17"><span class='ocrx_word' id='word_1_93' title='bbox 214 831 395 872; x_wconf 86' lang='lat' dir='ltr'><strong>Maxime</strong></span> <span class='ocrx_word' id='word_1_94' title='bbox 420 842 549 872; x_wconf 87' lang='lat' dir='ltr'><strong>autem</strong></span> <span class='ocrx_word' id='word_1_95' title='bbox 576 836 851 886; x_wconf 82' lang='lat' dir='ltr'><strong>perturbantur</strong></span> <span class='ocrx_word' id='word_1_96' title='bbox 875 833 1028 873; x_wconf 87' lang='lat' dir='ltr'><strong>officia</strong></span> <span class='ocrx_word' id='word_1_97' title='bbox 1016 846 1057 872; x_wconf 87' lang='lat' dir='ltr'><strong>m</strong></span> <span class='ocrx_word' id='word_1_98' title='bbox 1084 830 1287 877; x_wconf 77' lang='lat' dir='ltr'><strong>amicitiis3</strong></span> 
     </span>
     <span class='ocr_line' id='line_1_15' title="bbox 157 886 1291 941; baseline 0 -17"><span class='ocrx_word' id='word_1_99' title='bbox 157 886 301 938; x_wconf 89' lang='lat' dir='ltr'><strong>quibus</strong></span> <span class='ocrx_word' id='word_1_100' title='bbox 321 895 357 925; x_wconf 93' lang='lat' dir='ltr'><strong>et</strong></span> <span class='ocrx_word' id='word_1_101' title='bbox 377 900 453 926; x_wconf 89' lang='lat' dir='ltr'><strong>non</strong></span> <span class='ocrx_word' id='word_1_102' title='bbox 474 889 641 928; x_wconf 90' lang='lat' dir='ltr'><strong>tribuere</strong></span> <span class='ocrx_word' id='word_1_103' title='bbox 661 889 766 941; x_wconf 91' lang='lat' dir='ltr'><strong>quod</strong></span> <span class='ocrx_word' id='word_1_104' title='bbox 785 898 884 927; x_wconf 84' lang='lat' dir='ltr'><strong>recte</strong></span> <span class='ocrx_word' id='word_1_105' title='bbox 908 888 1043 941; x_wconf 55' lang='grc'><strong>1105515,</strong></span> <span class='ocrx_word' id='word_1_106' title='bbox 1064 895 1101 926; x_wconf 88' lang='lat' dir='ltr'><strong>et</strong></span> <span class='ocrx_word' id='word_1_107' title='bbox 1123 887 1291 925; x_wconf 88' lang='lat' dir='ltr'><strong>tribuere</strong></span> 
     </span>
     <span class='ocr_line' id='line_1_16' title="bbox 159 941 1290 995; baseline 0 -17"><span class='ocrx_word' id='word_1_108' title='bbox 159 941 265 992; x_wconf 93' lang='lat' dir='ltr'><strong>quod</strong></span> <span class='ocrx_word' id='word_1_109' title='bbox 284 953 362 980; x_wconf 92' lang='lat' dir='ltr'><strong>non</strong></span> <span class='ocrx_word' id='word_1_110' title='bbox 382 942 430 980; x_wconf 91' lang='lat' dir='ltr'><strong>sit</strong></span> <span class='ocrx_word' id='word_1_111' title='bbox 449 956 621 995; x_wconf 88' lang='lat' dir='ltr'><strong>aequum,</strong></span> <span class='ocrx_word' id='word_1_112' title='bbox 643 952 775 982; x_wconf 86' lang='lat' dir='ltr'><strong>contra</strong></span> <span class='ocrx_word' id='word_1_113' title='bbox 793 943 963 982; x_wconf 88' lang='lat' dir='ltr'><strong>officium</strong></span> <span class='ocrx_word' id='word_1_114' title='bbox 979 951 1046 981; x_wconf 88' lang='lat' dir='ltr'><strong>est.</strong></span> <span class='ocrx_word' id='word_1_115' title='bbox 1076 941 1154 982; x_wconf 82' lang='lat' dir='ltr'><strong>Sed</strong></span> <span class='ocrx_word' id='word_1_116' title='bbox 1170 941 1290 990; x_wconf 90' lang='lat' dir='ltr'><strong>hujus</strong></span> 
     </span>
     <span class='ocr_line' id='line_1_17' title="bbox 158 995 1288 1049; baseline 0 -16"><span class='ocrx_word' id='word_1_117' title='bbox 158 995 308 1046; x_wconf 86' lang='lat' dir='ltr'><strong>generis</strong></span> <span class='ocrx_word' id='word_1_118' title='bbox 334 997 451 1036; x_wconf 81' lang='lat' dir='ltr'><strong>totius</strong></span> <span class='ocrx_word' id='word_1_119' title='bbox 478 999 591 1037; x_wconf 89' lang='lat' dir='ltr'><strong>breve</strong></span> <span class='ocrx_word' id='word_1_120' title='bbox 616 1006 653 1036; x_wconf 90' lang='lat' dir='ltr'><strong>et</strong></span> <span class='ocrx_word' id='word_1_121' title='bbox 679 1010 757 1037; x_wconf 90' lang='lat' dir='ltr'><strong>non</strong></span> <span class='ocrx_word' id='word_1_122' title='bbox 783 998 938 1036; x_wconf 86' lang='lat' dir='ltr'><strong>difficile</strong></span> <span class='ocrx_word' id='word_1_123' title='bbox 963 1004 1200 1049; x_wconf 83' lang='lat' dir='ltr'><strong>praeceptum</strong></span> <span class='ocrx_word' id='word_1_124' title='bbox 1219 1001 1288 1033; x_wconf 64' lang='lat' dir='ltr'><strong>est.</strong></span> 
     </span>
     <span class='ocr_line' id='line_1_18' title="bbox 161 1049 1290 1101; baseline 0.001 -14"><span class='ocrx_word' id='word_1_125' title='bbox 161 1049 264 1097; x_wconf 85' lang='lat' dir='ltr'><strong>Quae</strong></span> <span class='ocrx_word' id='word_1_126' title='bbox 286 1051 390 1089; x_wconf 89' lang='lat' dir='ltr'><strong>enim</strong></span> <span class='ocrx_word' id='word_1_127' title='bbox 415 1051 594 1091; x_wconf 88' lang='lat' dir='ltr'><strong>videntur</strong></span> <span class='ocrx_word' id='word_1_128' title='bbox 619 1052 744 1099; x_wconf 88' lang='lat' dir='ltr'><strong>utilia,</strong></span> <span class='ocrx_word' id='word_1_129' title='bbox 772 1052 948 1099; x_wconf 90' lang='lat' dir='ltr'><strong>honores,</strong></span> <span class='ocrx_word' id='word_1_130' title='bbox 974 1051 1132 1096; x_wconf 68' lang='lat' dir='ltr'><strong>divitiae,</strong></span> <span class='ocrx_word' id='word_1_131' title='bbox 1152 1049 1290 1101; x_wconf 84' lang='lat' dir='ltr'><strong>volup-</strong></span> 
     </span>
     <span class='ocr_line' id='line_1_19' title="bbox 159 1105 1288 1158; baseline 0.001 -17"><span class='ocrx_word' id='word_1_132' title='bbox 159 1111 270 1151; x_wconf 82' lang='lat' dir='ltr'><strong>tates,</strong></span> <span class='ocrx_word' id='word_1_133' title='bbox 305 1113 440 1144; x_wconf 86' lang='lat' dir='ltr'><strong>caetera</strong></span> <span class='ocrx_word' id='word_1_134' title='bbox 470 1107 619 1158; x_wconf 87' lang='lat' dir='ltr'><strong>generis</strong></span> <span class='ocrx_word' id='word_1_135' title='bbox 650 1106 835 1156; x_wconf 88' lang='lat' dir='ltr'><strong>ejusdem,</strong></span> <span class='ocrx_word' id='word_1_136' title='bbox 868 1107 951 1145; x_wconf 86' lang='lat' dir='ltr'><strong>haec</strong></span> <span class='ocrx_word' id='word_1_137' title='bbox 980 1105 1158 1144; x_wconf 84' lang='lat' dir='ltr'><strong>amicitiae</strong></span> <span class='ocrx_word' id='word_1_138' title='bbox 1185 1115 1288 1142; x_wconf 88' lang='lat' dir='ltr'><strong>nun-</strong></span> 
     </span>
     <span class='ocr_line' id='line_1_20' title="bbox 158 1160 1288 1213; baseline 0.001 -18"><span class='ocrx_word' id='word_1_139' title='bbox 158 1171 279 1209; x_wconf 87' lang='lat' dir='ltr'><strong>quam</strong></span> <span class='ocrx_word' id='word_1_140' title='bbox 305 1160 572 1212; x_wconf 86' lang='lat' dir='ltr'><strong>anteponenda</strong></span> <span class='ocrx_word' id='word_1_141' title='bbox 597 1168 698 1199; x_wconf 81' lang='lat' dir='ltr'><strong>sunt.</strong></span> <span class='ocrx_word' id='word_1_142' title='bbox 739 1161 799 1199; x_wconf 90' lang='lat' dir='ltr'><strong>At</strong></span> <span class='ocrx_word' id='word_1_143' title='bbox 825 1173 951 1213; x_wconf 87' lang='lat' dir='ltr'><strong>neque</strong></span> <span class='ocrx_word' id='word_1_144' title='bbox 976 1168 1107 1198; x_wconf 85' lang='lat' dir='ltr'><strong>contra</strong></span> <span class='ocrx_word' id='word_1_145' title='bbox 1131 1171 1288 1210; x_wconf 82' lang='lat' dir='ltr'><strong>rempu-</strong></span> 
     </span>
     <span class='ocr_line' id='line_1_21' title="bbox 160 1212 1289 1265; baseline -0.001 -14"><span class='ocrx_word' id='word_1_146' title='bbox 160 1212 317 1261; x_wconf 83' lang='lat' dir='ltr'><strong>blicam,</strong></span> <span class='ocrx_word' id='word_1_147' title='bbox 339 1226 465 1265; x_wconf 90' lang='lat' dir='ltr'><strong>neque</strong></span> <span class='ocrx_word' id='word_1_148' title='bbox 491 1224 622 1254; x_wconf 90' lang='lat' dir='ltr'><strong>contra</strong></span> <span class='ocrx_word' id='word_1_149' title='bbox 643 1215 920 1265; x_wconf 86' lang='lat' dir='ltr'><strong>jusjurandum</strong></span> <span class='ocrx_word' id='word_1_150' title='bbox 945 1227 989 1252; x_wconf 87' lang='lat' dir='ltr'><strong>ac</strong></span> <span class='ocrx_word' id='word_1_151' title='bbox 1016 1213 1147 1260; x_wconf 87' lang='lat' dir='ltr'><strong>fidem,</strong></span> <span class='ocrx_word' id='word_1_152' title='bbox 1173 1212 1289 1251; x_wconf 79' lang='lat' dir='ltr'><strong>amici</strong></span> 
     </span>
     <span class='ocr_line' id='line_1_22' title="bbox 158 1265 1289 1331; baseline 0.001 -27"><span class='ocrx_word' id='word_1_153' title='bbox 158 1279 288 1316; x_wconf 78' lang='lat' dir='ltr'><strong>causa,</strong></span> <span class='ocrx_word' id='word_1_154' title='bbox 310 1268 367 1305; x_wconf 83' lang='lat' dir='ltr'><strong>vir</strong></span> <span class='ocrx_word' id='word_1_155' title='bbox 386 1270 509 1307; x_wconf 91' lang='lat' dir='ltr'><strong>bonus</strong></span> <span class='ocrx_word' id='word_1_156' title='bbox 527 1269 665 1315; x_wconf 84' lang='lat' dir='ltr'><strong>faciet;</strong></span> <span class='ocrx_word' id='word_1_157' title='bbox 696 1281 745 1308; x_wconf 91' lang='lat' dir='ltr'><strong>ne</strong></span> <span class='ocrx_word' id='word_1_158' title='bbox 770 1270 802 1308; x_wconf 93' lang='lat' dir='ltr'><strong>si</strong></span> <span class='ocrx_word' id='word_1_159' title='bbox 823 1269 946 1319; x_wconf 82' lang='lat' dir='ltr'><strong>judex</strong></span> <span class='ocrx_word' id='word_1_160' title='bbox 974 1268 1132 1331; x_wconf 82' lang='lat' dir='ltr'><strong>quidem</strong></span> <span class='ocrx_word' id='word_1_161' title='bbox 1152 1266 1222 1305; x_wconf 89' lang='lat' dir='ltr'><strong>erit</strong></span> <span class='ocrx_word' id='word_1_162' title='bbox 1239 1265 1289 1305; x_wconf 84' lang='lat' dir='ltr'><strong>de</strong></span> 
     </span>
     <span class='ocr_line' id='line_1_23' title="bbox 158 1320 1290 1385; baseline -0.001 -26"><span class='ocrx_word' id='word_1_163' title='bbox 158 1321 243 1372; x_wconf 91' lang='lat' dir='ltr'><strong>ipso</strong></span> <span class='ocrx_word' id='word_1_164' title='bbox 262 1322 397 1361; x_wconf 74' lang='lat' dir='ltr'><strong>amico.</strong></span> <span class='ocrx_word' id='word_1_165' title='bbox 430 1323 546 1362; x_wconf 91' lang='lat' dir='ltr'><strong>Ponit</strong></span> <span class='ocrx_word' id='word_1_166' title='bbox 564 1324 667 1362; x_wconf 86' lang='lat' dir='ltr'><strong>enim</strong></span> <span class='ocrx_word' id='word_1_167' title='bbox 687 1336 890 1385; x_wconf 88' lang='lat' dir='ltr'><strong>personam</strong></span> <span class='ocrx_word' id='word_1_168' title='bbox 909 1323 1037 1369; x_wconf 83' lang='lat' dir='ltr'><strong>amici,</strong></span> <span class='ocrx_word' id='word_1_169' title='bbox 1058 1335 1147 1361; x_wconf 89' lang='lat' dir='ltr'><strong>cum</strong></span> <span class='ocrx_word' id='word_1_170' title='bbox 1162 1320 1290 1359; x_wconf 85' lang='lat' dir='ltr'><strong>induit</strong></span> 
     </span>
     <span class='ocr_line' id='line_1_24' title="bbox 156 1375 1289 1426; baseline 0 -13"><span class='ocrx_word' id='word_1_171' title='bbox 156 1375 310 1426; x_wconf 84' lang='lat' dir='ltr'><strong>judicis.</strong></span> <span class='ocrx_word' id='word_1_172' title='bbox 360 1377 536 1416; x_wconf 82' lang='lat' dir='ltr'><strong>Tantum</strong></span> <span class='ocrx_word' id='word_1_173' title='bbox 569 1377 676 1417; x_wconf 89' lang='lat' dir='ltr'><strong>dabit</strong></span> <span class='ocrx_word' id='word_1_174' title='bbox 708 1378 901 1425; x_wconf 80' lang='lat' dir='ltr'><strong>amicitiae,</strong></span> <span class='ocrx_word' id='word_1_175' title='bbox 936 1385 981 1416; x_wconf 92' lang='lat' dir='ltr'><strong>ut</strong></span> <span class='ocrx_word' id='word_1_176' title='bbox 1013 1389 1142 1415; x_wconf 89' lang='lat' dir='ltr'><strong>veram</strong></span> <span class='ocrx_word' id='word_1_177' title='bbox 1173 1375 1289 1414; x_wconf 89' lang='lat' dir='ltr'><strong>amici</strong></span> 
     </span>
     <span class='ocr_line' id='line_1_25' title="bbox 159 1429 1290 1484; baseline 0 -16"><span class='ocrx_word' id='word_1_178' title='bbox 159 1443 316 1469; x_wconf 85' lang='lat' dir='ltr'><strong>causam</strong></span> <span class='ocrx_word' id='word_1_179' title='bbox 344 1444 423 1470; x_wconf 63' lang='lat' dir='ltr'><strong>esse</strong></span> <span class='ocrx_word' id='word_1_180' title='bbox 448 1433 583 1471; x_wconf 89' lang='lat' dir='ltr'><strong>malit:</strong></span> <span class='ocrx_word' id='word_1_181' title='bbox 615 1441 659 1470; x_wconf 91' lang='lat' dir='ltr'><strong>ut</strong></span> <span class='ocrx_word' id='word_1_182' title='bbox 684 1433 838 1471; x_wconf 85' lang='lat' dir='ltr'><strong>orandae</strong></span> <span class='ocrx_word' id='word_1_183' title='bbox 862 1431 941 1470; x_wconf 88' lang='lat' dir='ltr'><strong>litis</strong></span> <span class='ocrx_word' id='word_1_184' title='bbox 966 1439 1133 1484; x_wconf 89' lang='lat' dir='ltr'><strong>tempus,</strong></span> <span class='ocrx_word' id='word_1_185' title='bbox 1160 1429 1290 1482; x_wconf 83' lang='lat' dir='ltr'><strong>quoad</strong></span> 
     </span>
     <span class='ocr_line' id='line_1_26' title="bbox 160 1485 1289 1538; baseline 0.001 -16"><span class='ocrx_word' id='word_1_186' title='bbox 160 1498 229 1537; x_wconf 89' lang='lat' dir='ltr'><strong>per</strong></span> <span class='ocrx_word' id='word_1_187' title='bbox 246 1485 350 1538; x_wconf 83' lang='lat' dir='ltr'><strong>leges</strong></span> <span class='ocrx_word' id='word_1_188' title='bbox 368 1486 494 1534; x_wconf 84' lang='lat' dir='ltr'><strong>liceat,</strong></span> <span class='ocrx_word' id='word_1_189' title='bbox 516 1487 790 1526; x_wconf 78' lang='lat' dir='ltr'><strong>accommodet.</strong></span> <span class='ocrx_word' id='word_1_190' title='bbox 828 1486 932 1526; x_wconf 92' lang='lat' dir='ltr'><strong>Cum</strong></span> <span class='ocrx_word' id='word_1_191' title='bbox 951 1499 1039 1525; x_wconf 89' lang='lat' dir='ltr'><strong>vero</strong></span> <span class='ocrx_word' id='word_1_192' title='bbox 1054 1487 1184 1536; x_wconf 91' lang='lat' dir='ltr'><strong>jurato</strong></span> <span class='ocrx_word' id='word_1_193' title='bbox 1202 1496 1289 1523; x_wconf 84' lang='lat' dir='ltr'><strong>sen-</strong></span> 
     </span>
     <span class='ocr_line' id='line_1_27' title="bbox 159 1539 1288 1590; baseline 0 -13"><span class='ocrx_word' id='word_1_194' title='bbox 159 1540 279 1578; x_wconf 86' lang='lat' dir='ltr'><strong>tentia</strong></span> <span class='ocrx_word' id='word_1_195' title='bbox 308 1540 469 1579; x_wconf 84' lang='lat' dir='ltr'><strong>dicenda</strong></span> <span class='ocrx_word' id='word_1_196' title='bbox 499 1542 560 1589; x_wconf 89' lang='lat' dir='ltr'><strong>sit,</strong></span> <span class='ocrx_word' id='word_1_197' title='bbox 595 1541 828 1590; x_wconf 86' lang='lat' dir='ltr'><strong>meminerit,</strong></span> <span class='ocrx_word' id='word_1_198' title='bbox 862 1540 996 1579; x_wconf 92' lang='lat' dir='ltr'><strong>Deum</strong></span> <span class='ocrx_word' id='word_1_199' title='bbox 1039 1553 1078 1579; x_wconf 89' lang='lat' dir='ltr'><strong>se</strong></span> <span class='ocrx_word' id='word_1_200' title='bbox 1106 1539 1288 1578; x_wconf 88' lang='lat' dir='ltr'><strong>adhibere</strong></span> 
     </span>
     <span class='ocr_line' id='line_1_28' title="bbox 158 1592 1290 1647; baseline -0.001 -15"><span class='ocrx_word' id='word_1_201' title='bbox 158 1602 311 1643; x_wconf 85' lang='lat' dir='ltr'><strong>testem,</strong></span> <span class='ocrx_word' id='word_1_202' title='bbox 331 1595 372 1633; x_wconf 92' lang='lat' dir='ltr'><strong>id</strong></span> <span class='ocrx_word' id='word_1_203' title='bbox 391 1604 447 1634; x_wconf 69' lang='lat' dir='ltr'><strong>oet</strong></span> <span class='ocrx_word' id='word_1_204' title='bbox 467 1600 528 1639; x_wconf 91' lang='lat' dir='ltr'><strong>(ut</strong></span> <span class='ocrx_word' id='word_1_205' title='bbox 547 1596 725 1643; x_wconf 87' lang='lat' dir='ltr'><strong>arbitror)</strong></span> <span class='ocrx_word' id='word_1_206' title='bbox 745 1603 915 1634; x_wconf 88' lang='lat' dir='ltr'><strong>mentem</strong></span> <span class='ocrx_word' id='word_1_207' title='bbox 942 1608 1067 1644; x_wconf 62' lang='lat' dir='ltr'><strong>suam,</strong></span> <span class='ocrx_word' id='word_1_208' title='bbox 1087 1594 1167 1647; x_wconf 68' lang='grc' dir='ltr'><strong>ςιιὲ</strong></span> <span class='ocrx_word' id='word_1_209' title='bbox 1190 1592 1290 1632; x_wconf 87' lang='lat' dir='ltr'><strong>nihil</strong></span> 
     </span>
     <span class='ocr_line' id='line_1_29' title="bbox 158 1648 1288 1710; baseline -0.001 -23"><span class='ocrx_word' id='word_1_210' title='bbox 158 1648 308 1687; x_wconf 87' lang='lat' dir='ltr'><strong>homini</strong></span> <span class='ocrx_word' id='word_1_211' title='bbox 327 1649 432 1688; x_wconf 83' lang='lat' dir='ltr'><strong>dedit</strong></span> <span class='ocrx_word' id='word_1_212' title='bbox 453 1650 589 1689; x_wconf 89' lang='lat' dir='ltr'><strong>Deus</strong></span> <span class='ocrx_word' id='word_1_213' title='bbox 578 1664 660 1703; x_wconf 72' lang='lat' dir='ltr'><strong>ipse</strong></span> <span class='ocrx_word' id='word_1_214' title='bbox 677 1650 857 1689; x_wconf 82' lang='lat' dir='ltr'><strong>divinius.</strong></span> <span class='ocrx_word' id='word_1_215' title='bbox 897 1650 1037 1702; x_wconf 82' lang='lat' dir='ltr'><strong>Itaque</strong></span> <span class='ocrx_word' id='word_1_216' title='bbox 1058 1648 1288 1710; x_wconf 82' lang='lat' dir='ltr'><strong>praeclamm</strong></span> 
     </span>
     <span class='ocr_line' id='line_1_30' title="bbox 157 1701 1288 1757; baseline -0.001 -16"><span class='ocrx_word' id='word_1_217' title='bbox 157 1716 182 1742; x_wconf 89' lang='lat' dir='ltr'><strong>a</strong></span> <span class='ocrx_word' id='word_1_218' title='bbox 214 1704 426 1754; x_wconf 77' lang='lat' dir='ltr'><strong>majoribus</strong></span> <span class='ocrx_word' id='word_1_219' title='bbox 456 1704 673 1757; x_wconf 85' lang='lat' dir='ltr'><strong>accepimus</strong></span> <span class='ocrx_word' id='word_1_220' title='bbox 702 1717 850 1743; x_wconf 88' lang='lat' dir='ltr'><strong>morem</strong></span> <span class='ocrx_word' id='word_1_221' title='bbox 882 1703 1043 1755; x_wconf 88' lang='lat' dir='ltr'><strong>rogandi</strong></span> <span class='ocrx_word' id='word_1_222' title='bbox 1071 1702 1226 1754; x_wconf 86' lang='lat' dir='ltr'><strong>judicis,</strong></span> <span class='ocrx_word' id='word_1_223' title='bbox 1254 1701 1288 1740; x_wconf 86' lang='grc'><strong>51</strong></span> 
     </span>
     <span class='ocr_line' id='line_1_31' title="bbox 160 1756 1285 1809; baseline -0.001 -13"><span class='ocrx_word' id='word_1_224' title='bbox 160 1770 250 1796; x_wconf 91' lang='lat' dir='ltr'><strong>eum</strong></span> <span class='ocrx_word' id='word_1_225' title='bbox 285 1767 514 1807; x_wconf 89' lang='lat' dir='ltr'><strong>teneremus,</strong></span> <span class='ocrx_word' id='word_1_226' title='bbox 551 1759 707 1808; x_wconf 79' lang='lat' dir='ltr'><strong>“Quae</strong></span> <span class='ocrx_word' id='word_1_227' title='bbox 735 1759 842 1798; x_wconf 89' lang='lat' dir='ltr'><strong>salva</strong></span> <span class='ocrx_word' id='word_1_228' title='bbox 870 1758 947 1797; x_wconf 88' lang='lat' dir='ltr'><strong>fide</strong></span> <span class='ocrx_word' id='word_1_229' title='bbox 974 1758 1098 1796; x_wconf 84' lang='lat' dir='ltr'><strong>facere</strong></span> <span class='ocrx_word' id='word_1_230' title='bbox 1123 1756 1285 1809; x_wconf 73' lang='lat' dir='ltr'><strong>possit.”</strong></span> 
     </span>
     <span class='ocr_line' id='line_1_32' title="bbox 159 1788 1286 1865; baseline -0.002 -14"><span class='ocrx_word' id='word_1_231' title='bbox 159 1811 258 1851; x_wconf 84' lang='lat' dir='ltr'><strong>Haec</strong></span> <span class='ocrx_word' id='word_1_232' title='bbox 287 1813 432 1864; x_wconf 90' lang='lat' dir='ltr'><strong>rogatio</strong></span> <span class='ocrx_word' id='word_1_233' title='bbox 460 1788 514 1852; x_wconf 76' lang='lat' dir='ltr'><strong>ad&#39;</strong></span> <span class='ocrx_word' id='word_1_234' title='bbox 537 1827 582 1852; x_wconf 85' lang='lat' dir='ltr'><strong>ea</strong></span> <span class='ocrx_word' id='word_1_235' title='bbox 608 1814 787 1865; x_wconf 86' lang='lat' dir='ltr'><strong>pertinet,</strong></span> <span class='ocrx_word' id='word_1_236' title='bbox 817 1826 905 1865; x_wconf 88' lang='lat' dir='ltr'><strong>quae</strong></span> <span class='ocrx_word' id='word_1_237' title='bbox 935 1812 1053 1865; x_wconf 86' lang='lat' dir='ltr'><strong>paulo</strong></span> <span class='ocrx_word' id='word_1_238' title='bbox 1084 1819 1174 1850; x_wconf 88' lang='lat' dir='ltr'><strong>ante</strong></span> <span class='ocrx_word' id='word_1_239' title='bbox 1202 1810 1286 1849; x_wconf 78' lang='lat' dir='ltr'><strong>dixi</strong></span> 
     </span>
     <span class='ocr_line' id='line_1_33' title="bbox 158 1865 1288 1920; baseline -0.001 -16"><span class='ocrx_word' id='word_1_240' title='bbox 158 1866 316 1906; x_wconf 86' lang='lat' dir='ltr'><strong>honeste</strong></span> <span class='ocrx_word' id='word_1_241' title='bbox 334 1867 458 1906; x_wconf 87' lang='lat' dir='ltr'><strong>arnico</strong></span> <span class='ocrx_word' id='word_1_242' title='bbox 476 1881 499 1906; x_wconf 84' lang='lat' dir='ltr'><strong>a</strong></span> <span class='ocrx_word' id='word_1_243' title='bbox 514 1868 644 1918; x_wconf 89' lang='lat' dir='ltr'><strong>judice</strong></span> <span class='ocrx_word' id='word_1_244' title='bbox 662 1881 772 1920; x_wconf 91' lang='lat' dir='ltr'><strong>posse</strong></span> <span class='ocrx_word' id='word_1_245' title='bbox 785 1867 962 1906; x_wconf 81' lang='lat' dir='ltr'><strong>concedi:</strong></span> <span class='ocrx_word' id='word_1_246' title='bbox 987 1879 1094 1913; x_wconf 91' lang='lat' dir='ltr'><strong>nam,</strong></span> <span class='ocrx_word' id='word_1_247' title='bbox 1110 1865 1143 1904; x_wconf 90' lang='lat' dir='ltr'><strong>si</strong></span> <span class='ocrx_word' id='word_1_248' title='bbox 1156 1865 1288 1904; x_wconf 85' lang='lat' dir='ltr'><strong>omnia</strong></span> 
     </span>
     <span class='ocr_line' id='line_1_34' title="bbox 156 1919 1285 1974; baseline 0 -16"><span class='ocrx_word' id='word_1_249' title='bbox 156 1920 333 1961; x_wconf 85' lang='lat' dir='ltr'><strong>facienda</strong></span> <span class='ocrx_word' id='word_1_250' title='bbox 357 1921 433 1960; x_wconf 87' lang='lat' dir='ltr'><strong>sint</strong></span> <span class='ocrx_word' id='word_1_251' title='bbox 459 1936 547 1974; x_wconf 85' lang='lat' dir='ltr'><strong>quae</strong></span> <span class='ocrx_word' id='word_1_252' title='bbox 572 1923 687 1960; x_wconf 87' lang='lat' dir='ltr'><strong>amici</strong></span> <span class='ocrx_word' id='word_1_253' title='bbox 712 1922 846 1970; x_wconf 86' lang='lat' dir='ltr'><strong>velint,</strong></span> <span class='ocrx_word' id='word_1_254' title='bbox 870 1933 948 1962; x_wconf 89' lang='lat' dir='ltr'><strong>non</strong></span> <span class='ocrx_word' id='word_1_255' title='bbox 972 1920 1152 1959; x_wconf 81' lang='lat' dir='ltr'><strong>amicitiae</strong></span> <span class='ocrx_word' id='word_1_256' title='bbox 1175 1919 1285 1969; x_wconf 68' lang='lat' dir='ltr'><strong>taloe,</strong></span> 
     </span>
     <span class='ocr_line' id='line_1_35' title="bbox 157 1975 846 2028; baseline 0.001 -15"><span class='ocrx_word' id='word_1_257' title='bbox 157 1975 224 2013; x_wconf 90' lang='lat' dir='ltr'><strong>sed</strong></span> <span class='ocrx_word' id='word_1_258' title='bbox 243 1976 537 2025; x_wconf 82' lang='lat' dir='ltr'><strong>conjurationes,</strong></span> <span class='ocrx_word' id='word_1_259' title='bbox 558 1976 742 2028; x_wconf 83' lang='lat' dir='ltr'><strong>putandae</strong></span> <span class='ocrx_word' id='word_1_260' title='bbox 759 1976 846 2014; x_wconf 82' lang='lat' dir='ltr'><strong>sint.</strong></span> 
     </span>
    </p>

    <p class='ocr_par' dir='ltr' id='par_1_5' title="bbox 155 2026 1287 2243">
     <span class='ocr_line' id='line_1_36' title="bbox 212 2026 1285 2081; baseline -0.001 -14"><span class='ocrx_word' id='word_1_261' title='bbox 212 2029 372 2081; x_wconf 87' lang='lat' dir='ltr'><strong>Loquor</strong></span> <span class='ocrx_word' id='word_1_262' title='bbox 390 2039 520 2069; x_wconf 87' lang='lat' dir='ltr'><strong>autem</strong></span> <span class='ocrx_word' id='word_1_263' title='bbox 540 2030 588 2069; x_wconf 89' lang='lat' dir='ltr'><strong>dc</strong></span> <span class='ocrx_word' id='word_1_264' title='bbox 606 2030 877 2069; x_wconf 87' lang='lat' dir='ltr'><strong>communibus</strong></span> <span class='ocrx_word' id='word_1_265' title='bbox 899 2028 1102 2068; x_wconf 78' lang='lat' dir='ltr'><strong>amicitiis:</strong></span> <span class='ocrx_word' id='word_1_266' title='bbox 1132 2040 1224 2066; x_wconf 89' lang='lat' dir='ltr'><strong>nam</strong></span> <span class='ocrx_word' id='word_1_267' title='bbox 1243 2026 1285 2066; x_wconf 90' lang='lat' dir='ltr'><strong>in</strong></span> 
     </span>
     <span class='ocr_line' id='line_1_37' title="bbox 156 2082 1287 2198; baseline -0.001 -23"><span class='ocrx_word' id='word_1_268' title='bbox 156 2083 392 2176; x_wconf 63' lang='grc' dir='ltr'><strong>Ἑὲἓὲἓὲἓέῗ</strong></span> <span class='ocrx_word' id='word_1_269' title='bbox 411 2084 1177 2198; x_wconf 41' lang='grc' dir='ltr'><strong>ΣῖΠῗέιΞΞξὶι-ῗεωῗεςὲξὶιᾙηξὲωῗηὶῗ</strong></span> <span class='ocrx_word' id='word_1_270' title='bbox 1195 2082 1287 2175; x_wconf 63' lang='lat'><strong>‘3152</strong></span> 
     </span>
     <span class='ocr_line' id='line_1_38' title="bbox 155 2189 1286 2243; baseline -0.001 -13"><span class='ocrx_word' id='word_1_271' title='bbox 155 2191 285 2231; x_wconf 84' lang='lat' dir='ltr'><strong>animo</strong></span> <span class='ocrx_word' id='word_1_272' title='bbox 304 2191 403 2232; x_wconf 87' lang='lat' dir='ltr'><strong>inter</strong></span> <span class='ocrx_word' id='word_1_273' title='bbox 421 2206 461 2232; x_wconf 86' lang='lat' dir='ltr'><strong>se</strong></span> <span class='ocrx_word' id='word_1_274' title='bbox 474 2193 604 2243; x_wconf 85' lang='lat' dir='ltr'><strong>fuisse,</strong></span> <span class='ocrx_word' id='word_1_275' title='bbox 621 2200 678 2243; x_wconf 86' lang='lat' dir='ltr'><strong>ut,</strong></span> <span class='ocrx_word' id='word_1_276' title='bbox 694 2206 785 2233; x_wconf 87' lang='lat' dir='ltr'><strong>cum</strong></span> <span class='ocrx_word' id='word_1_277' title='bbox 800 2205 933 2232; x_wconf 87' lang='lat' dir='ltr'><strong>eorum</strong></span> <span class='ocrx_word' id='word_1_278' title='bbox 948 2191 1058 2231; x_wconf 86' lang='lat' dir='ltr'><strong>alteri</strong></span> <span class='ocrx_word' id='word_1_279' title='bbox 1074 2189 1286 2242; x_wconf 79' lang='lat' dir='ltr'><strong>Dionysius</strong></span> 
     </span>
    </p>
   </div>
  </div>
 </body>
</html>
