1470 2402
199 85 253 123 22
307 85 385 125 DE
416 85 838 134 DIVINATIONE,
853 84 954 124 LIB.
970 83 1006 123 Ι.
1023 82 1130 123 CAP
1141 83 1209 122 25,

201 194 311 287 111101Ξει
324 195 535 247 appellans,
555 194 695 234 diceret
713 193 968 234 Homericum
993 190 1203 245 quemdam
1221 189 1326 242 ejus·

203 260 245 287 m
329 262 506 289 versum:

259 325 288 346 ‘⁶
308 323 443 363 Tertia
461 332 498 364 te
518 324 672 363 Phthiae
690 330 894 376 tempestas
910 323 1000 361 laeta
1015 319 1200 360 locabit„

201 410 323 459 Quod
340 419 385 450 ut
404 419 459 450 est
482 412 644 460 dictum,
671 412 723 451 sic
749 411 924 451 scribitur
950 410 1162 477 contigisse.
1189 407 1324 448 Xeno-

202 465 308 517 phon
327 466 553 515 Socraticus,
575 467 660 519 (qui
678 467 749 514 vir,
771 475 808 504 et
827 473 994 518 quantus
1009 465 1064 514 1)
1054 477 1096 502 111
1110 464 1156 503 ea
1168 463 1323 512 militia,

202 520 282 571 qua
301 532 390 558 cum
403 520 504 572 Cyro
519 521 667 559 minore
677 520 900 572 perfunctus
915 527 984 567 est,
1001 532 1071 557 sua
1082 518 1211 558 scribit
1224 529 1327 556 som-

203 573 282 622 nia,
308 588 476 625 quorum
495 583 651 614 eventus
670 574 863 613 mirabiles
881 574 1120 612 exstiterunt.
1163 570 1327 610 Mentiri

205 626 522 690 Xenophontem,
543 642 592 667 an
612 629 785 678 delirare,
805 629 1000 667 dicemus?
1029 627 1165 676 Quid?
1194 626 1328 688 singu-

202 681 275 719 lari
295 683 352 719 vir
370 683 538 734 ingenio,
565 684 805 732 Aristoteles,
833 691 870 721 et
894 695 1004 734 paene
1028 681 1171 729 divino,
1198 680 1330 732 ipsene

203 743 316 784 errat,
338 749 387 774 an
414 737 506 775 alios
536 738 617 775 vult
642 750 764 775 errare
777 739 795 775 ?
824 749 915 775 cum
939 736 1083 782 scribit,
1103 734 1330 774 Eudemum

205 789 410 841 Cyprium,
431 791 663 829 familiarem
681 803 810 839 suum,
830 791 901 829 iter
919 791 961 829 in
981 789 1253 828 Macedoniam
1272 788 1332 826 fa·

203 843 383 893 cientem,
406 844 550 883 Pheras
569 846 739 891 venisse,
728 859 738 869 ·
769 859 857 897 quae
872 852 952 883 erat
965 846 1056 882 urbs
1074 844 1116 881 in
1129 842 1333 882 Thessalia

203 905 289 935 tum
309 898 521 937 admodum
539 900 691 946 nobilis,
712 901 760 938 ab
775 899 1001 938 Alexandro
1019 905 1150 936 autem
1168 905 1332 958 tyranno

204 952 350 990 crudeli
369 952 570 992 dominatu
590 955 803 992 tenebatur.
845 954 895 992 In
914 966 958 993 eo
975 953 1094 1004 igitur
1117 950 1259 1004 oppido
1277 951 1333 989 ita

204 1006 370 1057 graviter
389 1020 536 1059 aegrum
556 1008 782 1046 Eudemum
807 1007 938 1056 fuisse,
963 1015 1009 1045 ut
1035 1019 1168 1044 omnes
1191 1004 1333 1044 medici

204 1039 446 1100 diffiderentff
477 1062 511 1100 ei
531 1062 656 1101 visum
675 1063 716 1100 in
728 1061 855 1114 quiete
870 1061 1022 1113 egregia
1038 1060 1163 1099 facie·
1148 1072 1333 1110 Juvenem

204 1113 342 1163 dicere,
363 1115 457 1163 fore,
479 1124 523 1154 ut
541 1116 715 1168 perbrevi
729 1116 1015 1164 convalesceret,
1031 1114 1240 1166 paucisque
1252 1113 1336 1152 die-

205 1169 300 1207 bus
290 1170 536 1208 interiturum
545 1171 818 1209 Alexandrum
830 1178 1053 1222 tyrannum,
1062 1169 1191 1221 ipsum
1202 1176 1333 1207 autem

205 1222 432 1263 Eudemum
448 1224 715 1277 quinquennio
734 1232 820 1277 post
834 1225 995 1263 domum
1014 1237 1092 1262 esse
1106 1222 1333 1262 rediturum.

205 1277 342 1329 Atque
371 1278 426 1317 ita
452 1279 610 1330 quidem
636 1279 763 1331 prima
790 1279 921 1317 statim
948 1278 1077 1317 scribit
1107 1277 1335 1316 Aristoteles

206 1339 434 1379 consecuta;
466 1341 502 1371 et
521 1334 757 1372 convaluisse
785 1333 1038 1379 Eudemum3
1068 1339 1106 1371 et
1130 1333 1179 1370 ab
1204 1331 1336 1370 uxoris

205 1384 389 1425 fratribus
407 1387 652 1426 interfectum
671 1395 906 1440 tyrannum:
937 1387 1072 1440 quinto
1086 1394 1216 1425 autem
1234 1398 1337 1425 anno

208 1449 386 1490 exeunte,
406 1454 496 1480 cum
521 1450 616 1481 esset
647 1455 732 1494 spes
758 1455 806 1481 ex
831 1442 899 1480 illo
918 1441 1080 1490 somnio,
1099 1441 1142 1478 in
1160 1440 1338 1492 Cyprum

207 1492 324 1533 illum
343 1508 390 1534 ex
417 1496 548 1535 Sicilia
567 1509 646 1535 esse
664 1497 893 1545 rediturum,
919 1496 1160 1548 proeliantem
1178 1507 1270 1533 eum
1288 1494 1339 1533 ad

209 1548 417 1599 Syracusas
436 1550 639 1589 occidisse:
669 1564 718 1589 ex
737 1564 815 1612 quo
839 1551 896 1589 ita
919 1549 1018 1588 illud
1044 1549 1239 1588 somnium
1258 1562 1338 1588 esse

208 1601 515 1655 interpretatum,
545 1612 602 1654 ut,
638 1617 728 1644 cum
755 1605 908 1644 animus
935 1604 1106 1643 Eudemi
1135 1617 1157 1643 e
1184 1615 1339 1656 corpore

208 1658 422 1707 excesserit,
444 1667 530 1697 tum
549 1659 710 1698 (1011111111
730 1659 924 1699 revertisse
943 1658 1129 1697 videatur.

262 1712 542 1764 Adjungamus
567 1714 804 1766 philosophis
830 1713 1094 1753 doctissimum
1121 1711 1336 1761 hominem,

209 1766 366 1817 poetam
385 1767 544 1819 quidem
570 1768 760 1817 divinum,
789 1768 1047 1820 Sophoclem;
1077 1767 1161 1820 qui,
1181 1779 1270 1805 cum
1289 1780 1338 1805 ex

211 1819 294 1858 aede
315 1820 494 1860 Herculis
519 1830 652 1875 patera
677 1836 793 1862 aurea
812 1824 938 1875 gravis
964 1830 1136 1884 surrepta
1161 1829 1270 1870 esset,
1295 1821 1338 1860 in

211 1875 357 1913 somnis
374 1876 498 1914 vidit·
488 1889 616 1928 1psum
637 1877 767 1916 Deum
796 1878 1000 1926 dicentem,
1021 1877 1090 1929 qui
1113 1875 1155 1914 id
1179 1875 1338 1914 fecisset.

213 1927 334 1976 Quod
353 1930 470 1968 semel
489 1931 554 1969 ille
572 1931 789 1984 iterumque
815 1932 995 1984 neglexit.
1031 1931 1112 1970 Ubi
1139 1929 1243 1968 idem
1269 1943 1339 1968 531-

212 1983 315 2034 pius,
329 1984 550 2023 adscendit
540 1998 580 2023 m
594 1991 866 2038 Areopagum:
888 1987 1027 2025 detulit
1041 1998 1134 2024 rem.
1163 1984 1339 2036 Areopa-

212 2036 304 2088 gitae
329 2040 599 2090 comprehendi
615 2041 752 2089 jubent
779 2054 883 2088 eum,
911 2041 979 2093 qui
1005 2054 1029 2079 a
1054 2038 1242 2092 Sophocle
1259 2047 1340 2077 erat

213 2092 446 2131 nominatus.
490 2094 545 2143 Is,
580 2095 790 2146 quaestione
818 2096 950 2134 adhibi
937 2096 1006 2143 13,
1041 2094 1233 2133 confessus
1265 2100 1335 2141 est,

214 2153 465 2199 pateramque
489 2148 631 2186 retulit.
673 2148 765 2196 Quo
784 2150 899 2199 facto,
920 2149 1056 2189 fanum
1075 2147 1174 2187 inud
1193 2146 1337 2187 Indicis

218 2199 399 2240 Herculis
418 2202 660 2242 nominatum
679 2211 746 2242 est.
