1470 2402
394 122 473 163 DE
502 122 863 174 SENECTUTE,
895 123 1000 163 CAP.
1023 127 1061 164 9.
1210 126 1291 164 343

164 238 256 271 nota
285 240 421 282 essent,
442 232 583 284 quibus
610 245 676 271 me
706 245 810 272 nunc
836 233 1023 285 exemplis
1055 233 1113 271 uti
1143 231 1290 272 videtis.

165 286 285 335 Quod
303 300 393 325 cum
411 286 540 325 fecisse
561 287 755 325 Socratem
780 288 821 325 in
844 287 985 326 fidibus
1004 288 1191 336 audirem,
1212 287 1294 325 vel-

164 341 244 379 lem
270 341 448 392 equidem
474 348 511 379 et
536 341 636 378 illud
662 341 873 384 (discebant
899 342 1002 380 enim
1028 341 1169 380 fidibus
1194 342 1294 380 anti-

166 394 251 446 qui)
267 409 276 432 :
308 395 374 433 sed
391 395 432 432 in
450 395 569 433 literis
588 403 687 433 certe
707 396 908 434 elaboravi.

223 449 300 487 IX.
332 449 396 487 Ne
421 461 525 487 nunc
546 449 704 500 quidem
724 450 821 488 vires
841 450 1010 488 desidero
1029 449 1291 499 adolescentis,

167 503 218 547 (is
236 503 340 541 enim
359 511 439 541 erat
456 504 564 542 locus
578 505 673 541 alter
688 504 734 542 de
750 504 850 542 vitiis
864 504 1082 550 senectutis)
1098 517 1175 542 non
1190 505 1294 555 plus,

168 570 302 609 quam,
323 556 554 604 adolescens,
582 558 683 596 tauri
707 565 774 595 aut
800 559 993 609 elephanti
1017 558 1293 596 desiderabam.

168 611 288 659 Quod
306 619 375 657 est,
397 624 440 649 eo
459 611 567 650 decet
584 612 665 657 uti,
655 626 664 635 ·
692 621 742 659 et,
764 612 956 663 quidquid
974 626 1078 663 agas,
1099 626 1211 663 agere
1225 625 1295 663 pro

166 666 323 704 viribus.
353 665 456 713 Quae
475 666 579 704 enim
598 679 673 704 vox
687 674 811 727 potest
826 680 905 705 esse
919 667 1157 714 contemtior,
1175 679 1296 718 quani

168 718 332 758 Milonis
365 719 634 758 Crotoniatae?
675 721 757 772 qui,
794 733 883 758 cum
918 721 1001 770 jam
1034 733 1150 759 senex
1184 728 1294 769 esset,

168 774 407 825 athletasque
438 787 476 811 se
505 774 546 811 in
577 774 765 812 curriculo
796 783 1012 813 exercentes
1043 775 1202 822 videret,
1228 774 1297 812 ad-

168 828 335 880 spexisse
352 829 510 866 lacertos
529 841 616 866 suos
635 828 787 875 dicitur,
804 829 1126 880 illacrymansque
1140 829 1296 877 dixisse,

171 885 200 905 ‘⁶
216 882 275 920 At
292 882 334 920 hi
361 882 518 933 quidem
541 883 626 932 jam
652 883 796 921 mortui
821 884 952 922 sunt.''
993 883 1087 921 Non
1107 896 1196 921 vero
1215 891 1296 920 tam

167 936 245 984 isti,
267 949 386 987 quam
405 944 447 974 tu
467 936 561 987 ipse,
587 945 774 987 nugator:
806 949 931 987 neque
956 937 1060 975 enim
1087 950 1135 974 ex
1160 944 1198 974 te
1224 949 1298 974 un-

169 1004 288 1042 quam
309 1004 347 1028 es
365 991 602 1038 nobilitatus,
624 991 690 1028 sed
709 1004 757 1029 ex
775 991 958 1029 lateribus
978 998 1015 1029 et
1039 991 1188 1028 lacertis
1208 991 1297 1028 tuis.

170 1045 284 1083 Nihil
304 1046 343 1084 S.
364 1044 494 1082 AElius
513 1044 602 1091 tale,
623 1044 721 1082 nihil
739 1045 873 1082 multis
892 1045 1002 1083 annis
1022 1052 1110 1082 ante
1136 1045 1201 1082 Ti.
1223 1045 1300 1083 Co-

171 1099 392 1147 runcanius,
425 1098 523 1136 nihil
550 1098 666 1136 modo
698 1099 744 1136 P.
766 1099 953 1143 Crassus;
994 1112 1017 1136 a
1045 1098 1186 1150 quibus
1211 1100 1301 1148 jura

171 1153 317 1192 civibus
327 1153 690 1204 praescribebantur3
708 1166 875 1204 quorum
887 1166 1010 1205 usque
1022 1153 1071 1190 ad
1083 1160 1300 1191 extremum

172 1208 351 1259 spiritum
371 1214 426 1245 est
442 1214 621 1257 provecta
638 1207 855 1258 prudentia.

227 1261 383 1309 Orator,
403 1269 549 1308 metuo,
570 1273 618 1298 ne
636 1262 859 1312 languescat
878 1268 1094 1300 senectute:
1123 1268 1179 1300 est
1198 1261 1302 1300 enim

175 1328 319 1355 munus
338 1316 420 1365 ejus
439 1327 517 1352 non
536 1315 681 1366 ingenii
700 1316 839 1363 solum,
861 1315 926 1354 sed
944 1316 1110 1354 laterum
1130 1316 1245 1354 etiam
1265 1324 1303 1353 et

175 1370 330 1409 virium.
371 1369 546 1408 Omnino
572 1381 756 1407 canorum
780 1370 880 1407 illud
903 1370 944 1407 in
967 1383 1058 1408 voce
1077 1370 1304 1421 splendescit

177 1424 309 1473 etiam,
328 1423 453 1461 nescio
472 1437 550 1474 quo
568 1432 694 1476 pacto,
710 1424 751 1461 in
767 1431 979 1469 senectute3
1005 1424 1110 1475 quod
1125 1423 1305 1475 equidem

181 1479 309 1517 adhuc
332 1490 411 1516 non
437 1478 572 1516 amisi:
604 1486 641 1516 et
667 1478 802 1516 videtis
827 1490 971 1516 annos:
1003 1478 1069 1515 sed
1093 1485 1224 1516 tamen
1250 1485 1306 1516 est

179 1533 339 1571 decorus
366 1545 489 1570 sermo
517 1532 616 1570 senis
644 1532 797 1583 quietus
828 1540 864 1570 et
892 1532 1100 1577 remissus;
1139 1531 1307 1582 facitque

181 1599 350 1638 persaepe
373 1585 458 1637 ipsa
483 1586 556 1623 sibi
579 1586 816 1625 audientiam
842 1586 971 1624 diserti
997 1585 1095 1623 senis
1120 1594 1247 1623 comta
1270 1593 1308 1624 et

181 1640 287 1679 mitis
311 1640 442 1678 oratio.
484 1639 603 1687 Quod
627 1640 658 1678 si
685 1640 766 1691 ipse
794 1639 952 1690 exsequi
975 1652 1157 1690 nequeaS,
1186 1639 1308 1690 possis

181 1702 313 1734 tamen
333 1693 502 1745 Scipioni
519 1694 737 1745 praecipere,
758 1701 795 1732 et
814 1694 948 1731 Laelio.
991 1693 1100 1740 Quid
1125 1693 1230 1730 enim
1252 1700 1309 1731 est

179 1748 390 1800 jucundius
409 1755 600 1786 senectute
618 1748 757 1799 stipata
775 1748 910 1786 studiis
925 1747 1170 1796 juventutis?

236 1804 307 1842 An
325 1815 373 1840 ne
392 1815 454 1840 eas
473 1801 631 1853 quidem
650 1802 747 1840 vires
766 1801 950 1840 senectuti
968 1800 1244 1852 relinquemus,
1265 1808 1312 1839 ut

183 1857 484 1897 adolescentulos
503 1856 650 1904 doceat,
675 1856 863 1904 instituat,
884 1855 933 1893 ad
956 1867 1070 1893 omne
1089 1855 1204 1893 officii
1221 1867 1310 1893 mu-

183 1925 258 1951 nus
285 1912 483 1949 instruat?
522 1924 600 1962 quo
631 1910 789 1961 quidem
817 1923 930 1962 opere
958 1909 1052 1960 quid
1079 1916 1203 1960 potest
1232 1921 1312 1948 esse

183 1964 431 2019 praeclarius?
473 1964 580 2002 Mihi
605 1977 693 2003 vero
719 1964 794 2003 Cn.
819 1972 856 2002 et
881 1964 928 2002 P.
949 1963 1158 2014 Scipiones,
1187 1970 1225 2002 et
1249 1963 1313 2001 avi

186 2021 246 2059 tui
264 2020 360 2081 duo,
383 2018 433 2057 L.
453 2019 642 2057 AEmilius
665 2026 702 2057 et
726 2019 772 2056 P.
793 2018 1018 2065 Africanus,
1039 2017 1223 2056 comitatu
1242 2029 1313 2055 no-

183 2075 324 2113 bilium
346 2074 536 2123 juvenum
561 2073 746 2111 fortunati
770 2072 1009 2111 videbantur.
1051 2071 1136 2110 Nee
1154 2071 1226 2109 ulli
1244 2073 1312 2110 bo-

182 2140 327 2174 narum
346 2127 488 2166 artium
511 2127 685 2179 magistri
710 2139 787 2165 11011
813 2126 915 2165 beati
939 2125 1116 2178 putandi,
1136 2125 1314 2178 quamvis

185 2182 455 2235 consenuerint
482 2181 594 2233 vires,
625 2189 742 2236 atque
769 2180 1000 2223 defecerint:
1035 2180 1106 2222 etsi
1132 2180 1206 2223 ista
1231 2179 1316 2233 ipsa
