1470 2402
259 92 339 134 DE
367 94 632 144 OFFICIIS,
663 93 764 135 11113.
787 95 870 135 111.
901 95 1007 137 CAP.
1027 96 1094 136 26.
1158 97 1241 138 323

115 204 353 252 docebimus,
374 217 432 251 ea,
453 217 541 256 quae
558 203 737 243 videntur
755 217 835 244 esse
851 206 977 254 utilia,
997 218 1122 260 neque
1137 206 1241 258 Sunt,

116 266 238 311 quam
250 259 326 297 sint
338 256 488 297 virtutis
502 258 670 297 inimica.
713 258 777 297 Ac
789 259 836 297 de
849 261 1053 311 prudentia
1067 263 1241 314 quidem,

117 327 238 365 quam
257 313 342 351 vult
359 313 503 351 imitari
520 312 693 358 malitia;
723 312 894 365 itemque
913 315 960 353 de
976 317 1139 365 justitia,
1156 331 1244 369 quae

117 380 268 419 semper
286 375 343 406 est
360 367 478 413 utilis,
499 367 739 418 disputatum
758 375 824 406 est.
856 367 1034 420 Reliquae
1053 380 1143 410 sunt
1157 372 1245 410 duae

116 429 244 473 partes
262 422 483 469 honestatis,
504 434 671 473 quarum
690 421 808 460 altera
825 422 867 460 in
886 423 1006 462 animi
1025 425 1245 464 excellentis

117 475 387 528 magnitudine
413 484 450 514 et
475 473 694 527 praestantia
724 476 915 522 cernitur,
946 478 1064 517 altera
1088 479 1129 517 in
1156 493 1246 519 con-

117 530 346 568 formatione
379 537 417 568 et
453 530 714 568 moderatione
745 531 988 571 continentiae
1025 541 1063 572 et
1098 541 1247 587 tempe-

121 593 270 623 rantlae.

173 639 337 677 XXVI.
358 638 467 677 Utile
481 638 681 677 videbatur
699 638 846 690 Ulyssi,
869 642 930 683 (ut
948 640 1106 692 quidem
1120 646 1246 694 poe'tae

118 693 254 745 tragici
272 693 522 745 prodiderunt
536 707 547 738 ;
563 706 668 740 nam,
690 694 793 745 apud
807 694 1041 743 Homerum,
1055 698 1249 747 optimum

120 756 331 795 auctorem,
353 748 439 786 talis
451 747 499 786 de
518 747 658 798 Ulysse
672 747 782 785 nulla
800 749 963 800 suspicio
979 758 1051 798 est)
1072 752 1138 789 sed
1155 751 1249 790 insi-

120 803 274 840 mulant
294 815 383 841 eum
403 801 608 853 tragoediae,
630 802 873 841 simulatione
892 803 1050 842 insaniae
1067 805 1250 844 militiam

118 857 384 908 subterfugere
403 856 577 894 voluisse.
609 856 702 894 Non
721 856 925 895 honestum
946 858 1149 897 consilium
1167 874 1176 897 τ
1208 867 1248 898 at

119 912 216 950 utile
237 914 298 955 (ut
325 911 463 962 aliquis
483 910 640 948 fortasse
667 910 823 957 dixerit)
844 924 1016 962 regnare,
1038 920 1075 951 et
1102 914 1247 953 Ithacae

121 965 248 1004 vivere
269 965 386 1004 otiose
406 978 495 1003 cum
514 964 750 1016 parentibus,
779 979 868 1004 cum
890 979 1022 1013 uxore,
1043 980 1133 1005 cum
1152 968 1245 1007 filio.

123 1020 264 1058 Ullum
283 1027 327 1058 tu
346 1019 460 1058 decus
485 1019 525 1056 in
546 1018 778 1070 quotidianis
798 1020 974 1071 periculis
994 1029 1031 1058 et
1055 1021 1250 1061 laboribus

120 1087 212 1113 cum
244 1074 317 1112 hac
349 1073 627 1125 tranquillitate
659 1072 934 1112 conferendum
971 1083 1083 1126 putas
1101 1078 1118 1114 ἓ
1162 1076 1251 1128 Ego

121 1142 210 1167 vero
231 1128 345 1167 istam
359 1127 681 1166 contemnendam
696 1136 732 1166 et
747 1128 1001 1178 abjiciendam
1015 1142 1027 1174 ς
1049 1129 1248 1181 quoniam,

120 1197 211 1234 quae
229 1183 388 1221 honesta
407 1194 483 1220 non
503 1181 565 1229 sit,
585 1194 635 1220 ne
653 1182 789 1220 utilem
809 1182 966 1234 quidem
983 1196 1061 1221 esse
1075 1185 1250 1222 arbitror.

121 1237 233 1285 Quid
263 1237 367 1275 enim
398 1236 622 1274 auditurum
648 1244 762 1288 putas
787 1236 903 1275 fuisse
929 1237 1125 1289 Ulyssem,
1155 1239 1186 1276 si
1209 1239 1252 1276 in

120 1291 189 1330 illa
223 1291 466 1330 simulatione
495 1291 800 1342 perseverasset?
830 1292 912 1343 qui,
944 1304 1033 1330 cum
1061 1293 1254 1332 maximas

121 1359 180 1384 res
199 1346 354 1398 gesserit
372 1346 413 1383 in
431 1346 548 1393 bello,
570 1352 700 1383 tamen
718 1345 800 1383 haec
819 1346 951 1384 audiat
970 1348 1018 1384 ab
1037 1350 1075 1384 A
1077 1348 1184 1396 jace:

179 1423 208 1444 ‘⁶
225 1421 343 1471 Cuju’
362 1421 444 1472 ipse
461 1419 638 1471 princeps
654 1419 751 1469 juris
767 1420 924 1469 jurandi
944 1420 1034 1469 fuit,

177 1475 297 1524 Quod
316 1488 448 1513 omnes
468 1473 583 1520 scitis,
605 1472 707 1512 solus
726 1474 895 1525 neglexit
915 1474 1045 1513 fidem.

178 1530 323 1568 Furere
342 1529 604 1574 assimulavit3
635 1540 684 1566 ne
703 1528 832 1575 coiret,
852 1528 1003 1566 institit.

179 1583 298 1632 Quod
318 1583 358 1620 ni
378 1582 597 1620 Palamedis
615 1582 814 1633 perspicax
833 1582 1039 1633 prudentia

179 1637 292 1677 Istiu'
311 1645 506 1688 percepset
524 1636 756 1674 malitiosam
776 1636 990 1684 audaciam,

178 1691 276 1731 Fide
295 1698 484 1730 sacratum
502 1691 566 1740 jus
584 1697 769 1742 perpetuo
787 1690 976 1728 falleret-,⁹²

125 1781 193 1821 Illi
208 1794 310 1829 vero,
331 1792 409 1818 non
423 1779 539 1817 modo
558 1791 648 1817 cum
667 1777 855 1826 hostibus,
876 1790 1011 1816 verum
1031 1778 1146 1817 etiam
1165 1792 1255 1820 cum

125 1836 320 1882 fluctibus,
344 1835 401 1878 (id
420 1833 525 1886 quod
543 1833 649 1879 fecit)
669 1832 850 1870 dimicare
868 1832 1006 1870 melius
1025 1832 1115 1880 fuit,
1137 1848 1256 1886 quam

124 1890 296 1929 deserere
321 1888 622 1928 consentientem
641 1886 832 1925 Graeciam
851 1886 901 1924 ad
919 1887 1067 1925 bellum
1086 1889 1258 1928 barbaris

124 1943 383 1984 inferendum.
415 1943 491 1981 Sed
510 1941 750 1980 dimittamus
771 1948 807 1979 et
825 1940 990 1990 fabulas,
1017 1948 1054 1979 et
1073 1950 1254 1982 externa:

127 1999 177 2038 ad
202 2013 285 2038 rem
313 1998 471 2045 factam,
501 2006 722 2047 nostraque,
754 1995 964 2034 veniamus.
1010 1995 1071 2034 M.
1092 1997 1258 2037 Attilius

128 2054 320 2105 Regulus,
348 2065 454 2097 cum,
481 2051 614 2090 consul
640 2050 796 2098 iterum,
824 2049 864 2087 in
883 2050 1020 2088 Africa
1040 2063 1089 2089 ex
1112 2051 1260 2091 insidiis

127 2117 262 2160 captus
289 2115 398 2153 esset,
428 2106 524 2144 duce
550 2104 780 2155 Xanthippo
807 2104 1115 2152 Lacedaemonio,
1136 2106 1260 2157 impe-

127 2171 253 2201 ratore
281 2169 412 2200 autem
437 2169 544 2212 patre
571 2158 819 2205 Hannibalis,
848 2159 1084 2207 Hamilcare,
1108 2161 1261 2209 juratus

124 2217 265 2256 missus
286 2224 343 2256 est
361 2215 412 2255 ad
434 2222 627 2264 senatum,
653 2221 712 2259 ut,
733 2213 807 2252 nisi
825 2212 963 2252 redditi
988 2221 1112 2253 essent
1131 2214 1261 2254 Poenis
