<?xml version="1.0" encoding="UTF-8"?>
<!DOCTYPE html PUBLIC "-//W3C//DTD XHTML 1.0 Transitional//EN"
    "http://www.w3.org/TR/xhtml1/DTD/xhtml1-transitional.dtd">
<html xmlns="http://www.w3.org/1999/xhtml" xml:lang="en" lang="en">
 <head>
  <title>
</title>
<meta http-equiv="Content-Type" content="text/html;charset=utf-8" />
  <meta name='ocr-system' content='tesseract 3.04.00' />
  <meta name='ocr-capabilities' content='ocr_page ocr_carea ocr_par ocr_line ocrx_word'/>
</head>
<body>
  <div class='ocr_page' id='page_1' title='image "./operaern04ciceuoft_0128.png"; bbox 0 0 1470 2402; ppageno 0'>
   <div class='ocr_carea' id='block_1_1' title="bbox 142 80 934 132">
    <p class='ocr_par' dir='ltr' id='par_1_1' title="bbox 142 80 934 132">
     <span class='ocr_line' id='line_1_1' title="bbox 142 80 934 132; baseline -0.003 -10"><span class='ocrx_word' id='word_1_1' title='bbox 142 83 220 122; x_wconf 83' lang='lat'>114</span> <span class='ocrx_word' id='word_1_2' title='bbox 457 80 535 120; x_wconf 85' lang='lat' dir='ltr'>DE</span> <span class='ocrx_word' id='word_1_3' title='bbox 565 80 740 132; x_wconf 82' lang='lat' dir='ltr'>FATO,</span> <span class='ocrx_word' id='word_1_4' title='bbox 769 82 879 122; x_wconf 58' lang='lat' dir='ltr'>cn.</span> <span class='ocrx_word' id='word_1_5' title='bbox 896 83 934 121; x_wconf 78' lang='lat'>6.</span> 
     </span>
    </p>
   </div>
   <div class='ocr_carea' id='block_1_2' title="bbox 144 188 1322 2243">
    <p class='ocr_par' dir='ltr' id='par_1_2' title="bbox 144 188 1322 1203">
     <span class='ocr_line' id='line_1_2' title="bbox 144 188 1270 241; baseline -0.002 -11"><span class='ocrx_word' id='word_1_6' title='bbox 144 190 268 230; x_wconf 89' lang='lat' dir='ltr'>Hunc</span> <span class='ocrx_word' id='word_1_7' title='bbox 289 188 458 228; x_wconf 82' lang='lat' dir='ltr'>scribunt</span> <span class='ocrx_word' id='word_1_8' title='bbox 481 189 600 241; x_wconf 85' lang='lat' dir='ltr'>ipsius</span> <span class='ocrx_word' id='word_1_9' title='bbox 623 190 829 230; x_wconf 64' lang='lat' dir='ltr'>familiares</span> <span class='ocrx_word' id='word_1_10' title='bbox 848 198 886 230; x_wconf 89' lang='lat' dir='ltr'>et</span> <span class='ocrx_word' id='word_1_11' title='bbox 903 190 1095 230; x_wconf 88' lang='lat' dir='ltr'>ebriosum</span> <span class='ocrx_word' id='word_1_12' title='bbox 1120 198 1158 230; x_wconf 89' lang='lat' dir='ltr'>et</span> <span class='ocrx_word' id='word_1_13' title='bbox 1179 202 1270 228; x_wconf 83' lang='lat' dir='ltr'>mu-</span> 
     </span>
     <span class='ocr_line' id='line_1_3' title="bbox 145 244 1322 296; baseline -0.001 -13"><span class='ocrx_word' id='word_1_14' title='bbox 145 245 328 283; x_wconf 91' lang='lat' dir='ltr'>lierosum</span> <span class='ocrx_word' id='word_1_15' title='bbox 361 244 503 282; x_wconf 87' lang='lat' dir='ltr'>fuisse:</span> <span class='ocrx_word' id='word_1_16' title='bbox 535 257 660 296; x_wconf 88' lang='lat' dir='ltr'>neque</span> <span class='ocrx_word' id='word_1_17' title='bbox 691 245 764 283; x_wconf 91' lang='lat' dir='ltr'>hoc</span> <span class='ocrx_word' id='word_1_18' title='bbox 795 246 965 284; x_wconf 87' lang='lat' dir='ltr'>scribunt</span> <span class='ocrx_word' id='word_1_19' title='bbox 995 245 1268 296; x_wconf 70' lang='lat' dir='ltr'><strong>vituperantes,</strong></span> <span class='ocrx_word' id='word_1_20' title='bbox 1317 265 1322 267; x_wconf 29' lang='grc' dir='ltr'><strong><em>Δ</em></strong></span> 
     </span>
     <span class='ocr_line' id='line_1_4' title="bbox 148 298 1270 349; baseline -0.001 -12"><span class='ocrx_word' id='word_1_21' title='bbox 148 298 214 337; x_wconf 86' lang='lat' dir='ltr'>sed</span> <span class='ocrx_word' id='word_1_22' title='bbox 231 298 359 349; x_wconf 89' lang='lat' dir='ltr'>potius</span> <span class='ocrx_word' id='word_1_23' title='bbox 378 298 426 335; x_wconf 87' lang='lat' dir='ltr'>ad</span> <span class='ocrx_word' id='word_1_24' title='bbox 439 298 607 336; x_wconf 87' lang='lat' dir='ltr'>laudem.</span> <span class='ocrx_word' id='word_1_25' title='bbox 638 300 829 338; x_wconf 85' lang='lat' dir='ltr'>vitiosam</span> <span class='ocrx_word' id='word_1_26' title='bbox 844 300 947 338; x_wconf 91' lang='lat' dir='ltr'>enim</span> <span class='ocrx_word' id='word_1_27' title='bbox 961 306 1140 337; x_wconf 88' lang='lat' dir='ltr'>naturam</span> <span class='ocrx_word' id='word_1_28' title='bbox 1158 300 1207 336; x_wconf 92' lang='lat' dir='ltr'>ab</span> <span class='ocrx_word' id='word_1_29' title='bbox 1225 311 1270 336; x_wconf 88' lang='lat' dir='ltr'>eo</span> 
     </span>
     <span class='ocr_line' id='line_1_5' title="bbox 150 352 1272 404; baseline -0.001 -13"><span class='ocrx_word' id='word_1_30' title='bbox 150 353 203 391; x_wconf 91' lang='lat' dir='ltr'>sic</span> <span class='ocrx_word' id='word_1_31' title='bbox 221 352 428 391; x_wconf 82' lang='lat' dir='ltr'><strong>edomitam</strong></span> <span class='ocrx_word' id='word_1_32' title='bbox 448 360 485 390; x_wconf 88' lang='lat' dir='ltr'>et</span> <span class='ocrx_word' id='word_1_33' title='bbox 504 365 758 404; x_wconf 85' lang='lat' dir='ltr'><strong>compressam</strong></span> <span class='ocrx_word' id='word_1_34' title='bbox 778 367 857 392; x_wconf 90' lang='lat' dir='ltr'>esse</span> <span class='ocrx_word' id='word_1_35' title='bbox 874 353 1060 401; x_wconf 62' lang='lat' dir='ltr'>doctrina,</span> <span class='ocrx_word' id='word_1_36' title='bbox 1088 360 1134 390; x_wconf 90' lang='lat' dir='ltr'>ut</span> <span class='ocrx_word' id='word_1_37' title='bbox 1157 365 1272 390; x_wconf 87' lang='lat' dir='ltr'>nemo</span> 
     </span>
     <span class='ocr_line' id='line_1_6' title="bbox 151 406 1276 458; baseline -0.002 -13"><span class='ocrx_word' id='word_1_38' title='bbox 151 420 325 458; x_wconf 85' lang='lat' dir='ltr'>unquam</span> <span class='ocrx_word' id='word_1_39' title='bbox 355 407 595 444; x_wconf 62' lang='lat' dir='ltr'>vinolentimi</span> <span class='ocrx_word' id='word_1_40' title='bbox 630 408 759 455; x_wconf 83' lang='lat' dir='ltr'>illum,</span> <span class='ocrx_word' id='word_1_41' title='bbox 796 421 910 446; x_wconf 88' lang='lat' dir='ltr'>nemo</span> <span class='ocrx_word' id='word_1_42' title='bbox 946 408 987 445; x_wconf 91' lang='lat' dir='ltr'>in</span> <span class='ocrx_word' id='word_1_43' title='bbox 1024 420 1068 446; x_wconf 88' lang='lat' dir='ltr'>eo</span> <span class='ocrx_word' id='word_1_44' title='bbox 1104 406 1276 444; x_wconf 83' lang='lat' dir='ltr'>libidinis</span> 
     </span>
     <span class='ocr_line' id='line_1_7' title="bbox 150 460 1275 512; baseline -0.002 -12"><span class='ocrx_word' id='word_1_45' title='bbox 150 461 355 512; x_wconf 82' lang='lat' dir='ltr'>vestigium</span> <span class='ocrx_word' id='word_1_46' title='bbox 373 460 521 498; x_wconf 84' lang='lat' dir='ltr'>viderit.</span> <span class='ocrx_word' id='word_1_47' title='bbox 566 460 704 508; x_wconf 80' lang='lat' dir='ltr'>Quid?</span> <span class='ocrx_word' id='word_1_48' title='bbox 735 462 942 508; x_wconf 80' lang='lat' dir='ltr'><strong>Socratem,</strong></span> <span class='ocrx_word' id='word_1_49' title='bbox 955 474 1082 499; x_wconf 89' lang='lat' dir='ltr'>nonne</span> <span class='ocrx_word' id='word_1_50' title='bbox 1095 461 1275 511; x_wconf 86' lang='lat' dir='ltr'>legimus,</span> 
     </span>
     <span class='ocr_line' id='line_1_8' title="bbox 153 513 1279 567; baseline -0.002 -14"><span class='ocrx_word' id='word_1_51' title='bbox 153 514 483 567; x_wconf 83' lang='lat' dir='ltr'>quemadmodum</span> <span class='ocrx_word' id='word_1_52' title='bbox 502 515 643 553; x_wconf 59' lang='lat' dir='ltr'>notarit</span> <span class='ocrx_word' id='word_1_53' title='bbox 657 516 847 567; x_wconf 81' lang='lat' dir='ltr'>Zopyrus,</span> <span class='ocrx_word' id='word_1_54' title='bbox 867 516 1188 567; x_wconf 79' lang='lat' dir='ltr'>physiognomon,</span> <span class='ocrx_word' id='word_1_55' title='bbox 1209 513 1279 565; x_wconf 89' lang='lat' dir='ltr'>qui</span> 
     </span>
     <span class='ocr_line' id='line_1_9' title="bbox 155 569 1278 621; baseline -0.002 -13"><span class='ocrx_word' id='word_1_56' title='bbox 155 583 195 608; x_wconf 89' lang='lat' dir='ltr'>se</span> <span class='ocrx_word' id='word_1_57' title='bbox 219 569 468 621; x_wconf 88' lang='lat' dir='ltr'>profitebatur</span> <span class='ocrx_word' id='word_1_58' title='bbox 491 569 696 607; x_wconf 88' lang='lat' dir='ltr'>hominum</span> <span class='ocrx_word' id='word_1_59' title='bbox 722 583 846 608; x_wconf 88' lang='lat' dir='ltr'>mores</span> <span class='ocrx_word' id='word_1_60' title='bbox 871 578 1103 621; x_wconf 86' lang='lat' dir='ltr'>naturasque</span> <span class='ocrx_word' id='word_1_61' title='bbox 1129 581 1177 607; x_wconf 81' lang='lat' dir='ltr'>ex</span> <span class='ocrx_word' id='word_1_62' title='bbox 1195 581 1278 607; x_wconf 89' lang='lat' dir='ltr'>cor-</span> 
     </span>
     <span class='ocr_line' id='line_1_10' title="bbox 155 622 1280 676; baseline -0.003 -14"><span class='ocrx_word' id='word_1_63' title='bbox 155 637 262 676; x_wconf 88' lang='lat' dir='ltr'>pore,</span> <span class='ocrx_word' id='word_1_64' title='bbox 292 623 424 670; x_wconf 87' lang='lat' dir='ltr'>oculis,</span> <span class='ocrx_word' id='word_1_65' title='bbox 459 623 584 669; x_wconf 86' lang='lat' dir='ltr'>vultu,</span> <span class='ocrx_word' id='word_1_66' title='bbox 618 623 757 671; x_wconf 84' lang='lat' dir='ltr'>fronte,</span> <span class='ocrx_word' id='word_1_67' title='bbox 791 626 1041 675; x_wconf 80' lang='lat' dir='ltr'>pernoscere?</span> <span class='ocrx_word' id='word_1_68' title='bbox 1069 622 1280 674; x_wconf 87' lang='lat' dir='ltr'>Stupidum</span> 
     </span>
     <span class='ocr_line' id='line_1_11' title="bbox 157 667 1282 729; baseline -0.003 -12"><span class='ocrx_word' id='word_1_69' title='bbox 157 691 236 717; x_wconf 87' lang='lat' dir='ltr'>esse</span> <span class='ocrx_word' id='word_1_70' title='bbox 255 678 449 715; x_wconf 78' lang='lat' dir='ltr'>Socratem</span> <span class='ocrx_word' id='word_1_71' title='bbox 463 676 575 724; x_wconf 83' lang='lat' dir='ltr'>dixit,</span> <span class='ocrx_word' id='word_1_72' title='bbox 596 667 825 726; x_wconf 65' lang='lat' dir='ltr'>etb‘afflum,</span> <span class='ocrx_word' id='word_1_73' title='bbox 847 678 951 729; x_wconf 91' lang='lat' dir='ltr'>quod</span> <span class='ocrx_word' id='word_1_74' title='bbox 963 678 1104 729; x_wconf 87' lang='lat' dir='ltr'>jugula</span> <span class='ocrx_word' id='word_1_75' title='bbox 1117 689 1282 715; x_wconf 80' lang='lat' dir='ltr'>concava</span> 
     </span>
     <span class='ocr_line' id='line_1_12' title="bbox 155 731 1285 782; baseline -0.001 -12"><span class='ocrx_word' id='word_1_76' title='bbox 155 744 235 770; x_wconf 90' lang='lat' dir='ltr'>non</span> <span class='ocrx_word' id='word_1_77' title='bbox 258 731 438 769; x_wconf 79' lang='lat' dir='ltr'>haberet:</span> <span class='ocrx_word' id='word_1_78' title='bbox 470 732 679 770; x_wconf 86' lang='lat' dir='ltr'>obstructas</span> <span class='ocrx_word' id='word_1_79' title='bbox 699 745 761 770; x_wconf 89' lang='lat' dir='ltr'>eas</span> <span class='ocrx_word' id='word_1_80' title='bbox 779 740 905 782; x_wconf 82' lang='lat' dir='ltr'>partes</span> <span class='ocrx_word' id='word_1_81' title='bbox 931 739 970 770; x_wconf 88' lang='lat' dir='ltr'>et</span> <span class='ocrx_word' id='word_1_82' title='bbox 985 734 1180 770; x_wconf 85' lang='lat' dir='ltr'>obturatas</span> <span class='ocrx_word' id='word_1_83' title='bbox 1205 743 1285 769; x_wconf 87' lang='lat' dir='ltr'>esse</span> 
     </span>
     <span class='ocr_line' id='line_1_13' title="bbox 160 784 1283 836; baseline -0.002 -12"><span class='ocrx_word' id='word_1_84' title='bbox 160 787 335 830; x_wconf 86' lang='lat' dir='ltr'>dicebat;</span> <span class='ocrx_word' id='word_1_85' title='bbox 366 784 513 822; x_wconf 81' lang='lat' dir='ltr'>addidit</span> <span class='ocrx_word' id='word_1_86' title='bbox 540 785 670 833; x_wconf 86' lang='lat' dir='ltr'>etiam,</span> <span class='ocrx_word' id='word_1_87' title='bbox 701 786 975 824; x_wconf 89' lang='lat' dir='ltr'>mulierosum:</span> <span class='ocrx_word' id='word_1_88' title='bbox 1006 786 1046 823; x_wconf 90' lang='lat' dir='ltr'>in</span> <span class='ocrx_word' id='word_1_89' title='bbox 1071 798 1149 836; x_wconf 92' lang='lat' dir='ltr'>quo</span> <span class='ocrx_word' id='word_1_90' title='bbox 1172 784 1283 823; x_wconf 77' lang='lat' dir='ltr'>Alci-</span> 
     </span>
     <span class='ocr_line' id='line_1_14' title="bbox 159 838 1283 878; baseline -0.002 0"><span class='ocrx_word' id='word_1_91' title='bbox 159 840 299 878; x_wconf 71' lang='lat' dir='ltr'>biades?</span> <span class='ocrx_word' id='word_1_92' title='bbox 309 838 539 877; x_wconf 86' lang='lat' dir='ltr'>cachinnum</span> <span class='ocrx_word' id='word_1_93' title='bbox 559 839 697 878; x_wconf 86' lang='lat' dir='ltr'>dicitur</span> <span class='ocrx_word' id='word_1_94' title='bbox 717 841 922 878; x_wconf 79' lang='lat' dir='ltr'>sustulisse.</span> <span class='ocrx_word' id='word_1_95' title='bbox 953 839 1030 878; x_wconf 89' lang='lat' dir='ltr'>Sed</span> <span class='ocrx_word' id='word_1_96' title='bbox 1046 839 1129 877; x_wconf 87' lang='lat' dir='ltr'>haec</span> <span class='ocrx_word' id='word_1_97' title='bbox 1148 852 1195 877; x_wconf 83' lang='lat' dir='ltr'>ex</span> <span class='ocrx_word' id='word_1_98' title='bbox 1214 851 1283 877; x_wconf 87' lang='lat' dir='ltr'>na-</span> 
     </span>
     <span class='ocr_line' id='line_1_15' title="bbox 161 893 1286 946; baseline -0.002 -14"><span class='ocrx_word' id='word_1_99' title='bbox 161 894 350 933; x_wconf 88' lang='lat' dir='ltr'>turalibus</span> <span class='ocrx_word' id='word_1_100' title='bbox 370 893 491 931; x_wconf 87' lang='lat' dir='ltr'>causis</span> <span class='ocrx_word' id='word_1_101' title='bbox 511 893 602 932; x_wconf 77' lang='lat' dir='ltr'>vitia</span> <span class='ocrx_word' id='word_1_102' title='bbox 616 894 718 933; x_wconf 90' lang='lat' dir='ltr'>nasci</span> <span class='ocrx_word' id='word_1_103' title='bbox 732 902 915 946; x_wconf 85' lang='lat' dir='ltr'>possunt:</span> <span class='ocrx_word' id='word_1_104' title='bbox 938 893 1138 945; x_wconf 82' lang='lat' dir='ltr'>exstirpari</span> <span class='ocrx_word' id='word_1_105' title='bbox 1156 900 1286 931; x_wconf 89' lang='lat' dir='ltr'>autem</span> 
     </span>
     <span class='ocr_line' id='line_1_16' title="bbox 163 947 1288 1000; baseline 0 -14"><span class='ocrx_word' id='word_1_106' title='bbox 163 957 200 987; x_wconf 90' lang='lat' dir='ltr'>et</span> <span class='ocrx_word' id='word_1_107' title='bbox 219 948 393 986; x_wconf 83' lang='lat' dir='ltr'>funditus</span> <span class='ocrx_word' id='word_1_108' title='bbox 408 947 505 993; x_wconf 80' lang='lat' dir='ltr'>tolli,</span> <span class='ocrx_word' id='word_1_109' title='bbox 534 955 578 985; x_wconf 93' lang='lat' dir='ltr'>ut</span> <span class='ocrx_word' id='word_1_110' title='bbox 596 949 628 987; x_wconf 86' lang='lat' dir='ltr'>is</span> <span class='ocrx_word' id='word_1_111' title='bbox 646 949 739 1000; x_wconf 84' lang='lat' dir='ltr'>ipse,</span> <span class='ocrx_word' id='word_1_112' title='bbox 761 949 828 1000; x_wconf 87' lang='lat' dir='ltr'>qui</span> <span class='ocrx_word' id='word_1_113' title='bbox 847 948 896 986; x_wconf 86' lang='lat' dir='ltr'>ad</span> <span class='ocrx_word' id='word_1_114' title='bbox 915 961 959 986; x_wconf 90' lang='lat' dir='ltr'>ea</span> <span class='ocrx_word' id='word_1_115' title='bbox 977 960 1186 999; x_wconf 81' lang='lat' dir='ltr'>propensus</span> <span class='ocrx_word' id='word_1_116' title='bbox 1203 947 1288 986; x_wconf 89' lang='lat' dir='ltr'>fue·</span> 
     </span>
     <span class='ocr_line' id='line_1_17' title="bbox 164 1001 1288 1053; baseline -0.002 -12"><span class='ocrx_word' id='word_1_117' title='bbox 164 1003 229 1050; x_wconf 84' lang='lat' dir='ltr'>rit,</span> <span class='ocrx_word' id='word_1_118' title='bbox 259 1016 282 1040; x_wconf 92' lang='lat' dir='ltr'>a</span> <span class='ocrx_word' id='word_1_119' title='bbox 306 1002 421 1040; x_wconf 86' lang='lat' dir='ltr'>tantis</span> <span class='ocrx_word' id='word_1_120' title='bbox 450 1001 551 1039; x_wconf 84' lang='lat' dir='ltr'>vitiis</span> <span class='ocrx_word' id='word_1_121' title='bbox 579 1010 769 1050; x_wconf 80' lang='lat' dir='ltr'>avocetur,</span> <span class='ocrx_word' id='word_1_122' title='bbox 799 1015 876 1041; x_wconf 85' lang='lat' dir='ltr'>non</span> <span class='ocrx_word' id='word_1_123' title='bbox 903 1010 958 1040; x_wconf 87' lang='lat' dir='ltr'>est</span> <span class='ocrx_word' id='word_1_124' title='bbox 982 1002 1022 1040; x_wconf 91' lang='lat' dir='ltr'>id</span> <span class='ocrx_word' id='word_1_125' title='bbox 1051 1001 1219 1053; x_wconf 90' lang='lat' dir='ltr'>positum</span> <span class='ocrx_word' id='word_1_126' title='bbox 1246 1002 1288 1040; x_wconf 89' lang='lat' dir='ltr'>in</span> 
     </span>
     <span class='ocr_line' id='line_1_18' title="bbox 166 1055 1291 1104; baseline 0 -10"><span class='ocrx_word' id='word_1_127' title='bbox 166 1057 406 1095; x_wconf 83' lang='lat' dir='ltr'>naturalibus</span> <span class='ocrx_word' id='word_1_128' title='bbox 438 1055 572 1102; x_wconf 86' lang='lat' dir='ltr'>causis,</span> <span class='ocrx_word' id='word_1_129' title='bbox 603 1057 668 1095; x_wconf 89' lang='lat' dir='ltr'>sed</span> <span class='ocrx_word' id='word_1_130' title='bbox 696 1057 735 1095; x_wconf 86' lang='lat' dir='ltr'>in</span> <span class='ocrx_word' id='word_1_131' title='bbox 768 1057 978 1104; x_wconf 82' lang='lat' dir='ltr'>voluntate,</span> <span class='ocrx_word' id='word_1_132' title='bbox 1008 1056 1147 1103; x_wconf 91' lang='lat' dir='ltr'>studio,</span> <span class='ocrx_word' id='word_1_133' title='bbox 1179 1055 1291 1094; x_wconf 83' lang='lat' dir='ltr'>disei-</span> 
     </span>
     <span class='ocr_line' id='line_1_19' title="bbox 165 1109 1290 1163; baseline 0 -15"><span class='ocrx_word' id='word_1_134' title='bbox 165 1111 298 1163; x_wconf 63' lang='lat' dir='ltr'>plina:</span> <span class='ocrx_word' id='word_1_135' title='bbox 330 1123 417 1161; x_wconf 86' lang='lat' dir='ltr'>quae</span> <span class='ocrx_word' id='word_1_136' title='bbox 436 1110 624 1148; x_wconf 82' lang='lat' dir='ltr'>tolluntur</span> <span class='ocrx_word' id='word_1_137' title='bbox 643 1111 787 1159; x_wconf 89' lang='lat' dir='ltr'>omnia,</span> <span class='ocrx_word' id='word_1_138' title='bbox 820 1111 851 1149; x_wconf 89' lang='lat' dir='ltr'>si</span> <span class='ocrx_word' id='word_1_139' title='bbox 870 1111 927 1149; x_wconf 84' lang='lat' dir='ltr'>vis</span> <span class='ocrx_word' id='word_1_140' title='bbox 947 1118 985 1148; x_wconf 88' lang='lat' dir='ltr'>et</span> <span class='ocrx_word' id='word_1_141' title='bbox 1002 1118 1139 1148; x_wconf 87' lang='lat' dir='ltr'>natura</span> <span class='ocrx_word' id='word_1_142' title='bbox 1152 1109 1290 1148; x_wconf 73' lang='lat' dir='ltr'>fati-ex</span> 
     </span>
     <span class='ocr_line' id='line_1_20' title="bbox 170 1164 822 1203; baseline -0.002 0"><span class='ocrx_word' id='word_1_143' title='bbox 170 1164 413 1203; x_wconf 65' lang='lat' dir='ltr'>dixinationis</span> <span class='ocrx_word' id='word_1_144' title='bbox 432 1164 576 1202; x_wconf 87' lang='lat' dir='ltr'>ratione</span> <span class='ocrx_word' id='word_1_145' title='bbox 596 1164 822 1203; x_wconf 64' lang='lat' dir='ltr'>fimiabitur.</span> 
     </span>
    </p>

    <p class='ocr_par' dir='ltr' id='par_1_3' title="bbox 171 1218 1313 2243">
     <span class='ocr_line' id='line_1_21' title="bbox 224 1218 1293 1270; baseline -0.001 -13"><span class='ocrx_word' id='word_1_146' title='bbox 224 1219 301 1257; x_wconf 86' lang='lat' dir='ltr'>VI.</span> <span class='ocrx_word' id='word_1_147' title='bbox 331 1218 504 1263; x_wconf 83' lang='lat' dir='ltr'>Etenim,</span> <span class='ocrx_word' id='word_1_148' title='bbox 535 1219 566 1256; x_wconf 90' lang='lat' dir='ltr'>si</span> <span class='ocrx_word' id='word_1_149' title='bbox 585 1228 640 1257; x_wconf 84' lang='lat' dir='ltr'>est</span> <span class='ocrx_word' id='word_1_150' title='bbox 658 1219 854 1266; x_wconf 73' lang='lat' dir='ltr'>divinatio,</span> <span class='ocrx_word' id='word_1_151' title='bbox 875 1218 1147 1270; x_wconf 81' lang='lat' dir='ltr'>qualibusnam</span> <span class='ocrx_word' id='word_1_152' title='bbox 1166 1231 1189 1256; x_wconf 92' lang='lat' dir='ltr'>a</span> <span class='ocrx_word' id='word_1_153' title='bbox 1206 1231 1293 1270; x_wconf 87' lang='lat' dir='ltr'>per-</span> 
     </span>
     <span class='ocr_line' id='line_1_22' title="bbox 171 1272 1295 1331; baseline -0.002 -19"><span class='ocrx_word' id='word_1_154' title='bbox 171 1273 289 1324; x_wconf 85' lang='lat' dir='ltr'>ceptis</span> <span class='ocrx_word' id='word_1_155' title='bbox 308 1272 397 1310; x_wconf 87' lang='lat' dir='ltr'>artis</span> <span class='ocrx_word' id='word_1_156' title='bbox 415 1272 696 1331; x_wconf 50' lang='lat' dir='ltr'>proficiscitur?</span> <span class='ocrx_word' id='word_1_157' title='bbox 727 1273 911 1325; x_wconf 74' lang='lat' dir='ltr'>Percepta</span> <span class='ocrx_word' id='word_1_158' title='bbox 935 1273 1101 1324; x_wconf 86' lang='lat' dir='ltr'>appello,</span> <span class='ocrx_word' id='word_1_159' title='bbox 1130 1286 1218 1324; x_wconf 85' lang='lat' dir='ltr'>quae</span> <span class='ocrx_word' id='word_1_160' title='bbox 1236 1273 1295 1310; x_wconf 92' lang='lat' dir='ltr'>di-</span> 
     </span>
     <span class='ocr_line' id='line_1_23' title="bbox 171 1326 1296 1375; baseline -0.002 -9"><span class='ocrx_word' id='word_1_161' title='bbox 171 1335 311 1366; x_wconf 87' lang='lat' dir='ltr'>cuntur</span> <span class='ocrx_word' id='word_1_162' title='bbox 341 1326 473 1364; x_wconf 87' lang='lat' dir='ltr'>Graece</span> <span class='ocrx_word' id='word_1_163' title='bbox 500 1333 742 1375; x_wconf 57' lang='grc' dir='ltr'><em>Θεωρημκτα.</em></span> <span class='ocrx_word' id='word_1_164' title='bbox 780 1328 873 1366; x_wconf 74' lang='lat' dir='ltr'>Non</span> <span class='ocrx_word' id='word_1_165' title='bbox 901 1327 1004 1365; x_wconf 89' lang='lat' dir='ltr'>enim</span> <span class='ocrx_word' id='word_1_166' title='bbox 1035 1326 1158 1370; x_wconf 78' lang='lat' dir='ltr'>credo,</span> <span class='ocrx_word' id='word_1_167' title='bbox 1187 1327 1296 1365; x_wconf 88' lang='lat' dir='ltr'>nullo</span> 
     </span>
     <span class='ocr_line' id='line_1_24' title="bbox 173 1381 1294 1434; baseline 0 -15"><span class='ocrx_word' id='word_1_168' title='bbox 173 1388 350 1434; x_wconf 89' lang='lat' dir='ltr'>percepto</span> <span class='ocrx_word' id='word_1_169' title='bbox 375 1389 443 1418; x_wconf 82' lang='lat' dir='ltr'>aut</span> <span class='ocrx_word' id='word_1_170' title='bbox 461 1388 612 1418; x_wconf 78' lang='lat' dir='ltr'>caeteros</span> <span class='ocrx_word' id='word_1_171' title='bbox 630 1381 790 1420; x_wconf 67' lang='lat' dir='ltr'>artifices</span> <span class='ocrx_word' id='word_1_172' title='bbox 818 1381 956 1419; x_wconf 83' lang='lat' dir='ltr'>versari</span> <span class='ocrx_word' id='word_1_173' title='bbox 974 1381 1014 1418; x_wconf 88' lang='lat' dir='ltr'>in</span> <span class='ocrx_word' id='word_1_174' title='bbox 1034 1393 1103 1419; x_wconf 90' lang='lat' dir='ltr'>suo</span> <span class='ocrx_word' id='word_1_175' title='bbox 1120 1393 1294 1430; x_wconf 87' lang='lat' dir='ltr'>munere,</span> 
     </span>
     <span class='ocr_line' id='line_1_25' title="bbox 175 1434 1297 1486; baseline -0.002 -12"><span class='ocrx_word' id='word_1_176' title='bbox 175 1444 244 1474; x_wconf 88' lang='lat' dir='ltr'>aut</span> <span class='ocrx_word' id='word_1_177' title='bbox 268 1448 344 1482; x_wconf 87' lang='lat' dir='ltr'>eos,</span> <span class='ocrx_word' id='word_1_178' title='bbox 375 1434 443 1485; x_wconf 89' lang='lat' dir='ltr'>qui</span> <span class='ocrx_word' id='word_1_179' title='bbox 467 1434 697 1473; x_wconf 83' lang='lat' dir='ltr'>divinatione</span> <span class='ocrx_word' id='word_1_180' title='bbox 722 1443 894 1482; x_wconf 81' lang='lat' dir='ltr'>utantur,</span> <span class='ocrx_word' id='word_1_181' title='bbox 923 1435 1054 1473; x_wconf 88' lang='lat' dir='ltr'>futura</span> <span class='ocrx_word' id='word_1_182' title='bbox 1082 1434 1297 1486; x_wconf 77' lang='lat' dir='ltr'>praedicere.</span> 
     </span>
     <span class='ocr_line' id='line_1_26' title="bbox 176 1488 1300 1540; baseline 0.001 -13"><span class='ocrx_word' id='word_1_183' title='bbox 176 1490 278 1528; x_wconf 89' lang='lat' dir='ltr'>Sunt</span> <span class='ocrx_word' id='word_1_184' title='bbox 308 1488 426 1540; x_wconf 77' lang='lat' dir='ltr'>igitur</span> <span class='ocrx_word' id='word_1_185' title='bbox 458 1489 734 1540; x_wconf 77' lang='lat' dir='ltr'>astrologorum</span> <span class='ocrx_word' id='word_1_186' title='bbox 766 1497 943 1540; x_wconf 89' lang='lat' dir='ltr'>percepta</span> <span class='ocrx_word' id='word_1_187' title='bbox 973 1489 1208 1538; x_wconf 86' lang='lat' dir='ltr'>hujusmodi.</span> <span class='ocrx_word' id='word_1_188' title='bbox 1257 1489 1300 1528; x_wconf 91' lang='lat' dir='ltr'>Si</span> 
     </span>
     <span class='ocr_line' id='line_1_27' title="bbox 177 1542 1299 1595; baseline 0 -13"><span class='ocrx_word' id='word_1_189' title='bbox 177 1544 278 1595; x_wconf 87' lang='lat' dir='ltr'>quis,</span> <span class='ocrx_word' id='word_1_190' title='bbox 308 1542 414 1581; x_wconf 86' lang='lat' dir='ltr'>verbi</span> <span class='ocrx_word' id='word_1_191' title='bbox 439 1543 566 1591; x_wconf 68' lang='lat' dir='ltr'>causa,</span> <span class='ocrx_word' id='word_1_192' title='bbox 596 1543 738 1582; x_wconf 87' lang='lat' dir='ltr'>oriente</span> <span class='ocrx_word' id='word_1_193' title='bbox 758 1543 944 1582; x_wconf 68' lang='lat' dir='ltr'>Canicula</span> <span class='ocrx_word' id='word_1_194' title='bbox 969 1551 1081 1581; x_wconf 86' lang='lat' dir='ltr'>natus</span> <span class='ocrx_word' id='word_1_195' title='bbox 1100 1551 1169 1590; x_wconf 90' lang='lat' dir='ltr'>est,</span> <span class='ocrx_word' id='word_1_196' title='bbox 1199 1543 1231 1581; x_wconf 85' lang='lat' dir='ltr'>is</span> <span class='ocrx_word' id='word_1_197' title='bbox 1257 1543 1299 1582; x_wconf 89' lang='lat' dir='ltr'>in</span> 
     </span>
     <span class='ocr_line' id='line_1_28' title="bbox 178 1597 1301 1649; baseline 0 -13"><span class='ocrx_word' id='word_1_198' title='bbox 178 1598 278 1636; x_wconf 90' lang='lat' dir='ltr'>mari</span> <span class='ocrx_word' id='word_1_199' title='bbox 296 1609 374 1635; x_wconf 89' lang='lat' dir='ltr'>non</span> <span class='ocrx_word' id='word_1_200' title='bbox 392 1597 587 1634; x_wconf 88' lang='lat' dir='ltr'>morietur.</span> <span class='ocrx_word' id='word_1_201' title='bbox 617 1597 763 1649; x_wconf 84' lang='lat' dir='ltr'>Vigila,</span> <span class='ocrx_word' id='word_1_202' title='bbox 781 1598 1009 1649; x_wconf 84' lang='lat' dir='ltr'>Chrysippe,</span> <span class='ocrx_word' id='word_1_203' title='bbox 1025 1609 1073 1635; x_wconf 93' lang='lat' dir='ltr'>ne</span> <span class='ocrx_word' id='word_1_204' title='bbox 1088 1605 1195 1635; x_wconf 87' lang='lat' dir='ltr'>tuam</span> <span class='ocrx_word' id='word_1_205' title='bbox 1211 1610 1301 1636; x_wconf 88' lang='lat' dir='ltr'>cau-</span> 
     </span>
     <span class='ocr_line' id='line_1_29' title="bbox 181 1651 1300 1702; baseline 0 -12"><span class='ocrx_word' id='word_1_206' title='bbox 181 1665 277 1700; x_wconf 90' lang='lat' dir='ltr'>sam,</span> <span class='ocrx_word' id='word_1_207' title='bbox 307 1651 348 1688; x_wconf 92' lang='lat' dir='ltr'>in</span> <span class='ocrx_word' id='word_1_208' title='bbox 379 1651 458 1702; x_wconf 67' lang='lat' dir='ltr'>qua</span> <span class='ocrx_word' id='word_1_209' title='bbox 485 1651 554 1689; x_wconf 87' lang='lat' dir='ltr'>tibi</span> <span class='ocrx_word' id='word_1_210' title='bbox 581 1664 670 1689; x_wconf 90' lang='lat' dir='ltr'>cum</span> <span class='ocrx_word' id='word_1_211' title='bbox 699 1652 885 1699; x_wconf 88' lang='lat' dir='ltr'>Diodoro,</span> <span class='ocrx_word' id='word_1_212' title='bbox 915 1652 1063 1689; x_wconf 82' lang='lat' dir='ltr'>valente</span> <span class='ocrx_word' id='word_1_213' title='bbox 1092 1651 1300 1699; x_wconf 86' lang='lat' dir='ltr'>dialectico,</span> 
     </span>
     <span class='ocr_line' id='line_1_30' title="bbox 180 1705 1304 1757; baseline -0.001 -13"><span class='ocrx_word' id='word_1_214' title='bbox 180 1718 324 1757; x_wconf 85' lang='lat' dir='ltr'>magna</span> <span class='ocrx_word' id='word_1_215' title='bbox 341 1705 497 1743; x_wconf 83' lang='lat' dir='ltr'>luctatio</span> <span class='ocrx_word' id='word_1_216' title='bbox 516 1712 585 1753; x_wconf 87' lang='lat' dir='ltr'>est,</span> <span class='ocrx_word' id='word_1_217' title='bbox 601 1705 759 1744; x_wconf 86' lang='lat' dir='ltr'>deseras.</span> <span class='ocrx_word' id='word_1_218' title='bbox 790 1706 832 1745; x_wconf 81' lang='lat' dir='ltr'>Si</span> <span class='ocrx_word' id='word_1_219' title='bbox 846 1706 949 1744; x_wconf 86' lang='lat' dir='ltr'>enim</span> <span class='ocrx_word' id='word_1_220' title='bbox 965 1718 1097 1743; x_wconf 87' lang='lat' dir='ltr'>verum</span> <span class='ocrx_word' id='word_1_221' title='bbox 1113 1713 1182 1752; x_wconf 88' lang='lat' dir='ltr'>est,</span> <span class='ocrx_word' id='word_1_222' title='bbox 1198 1705 1304 1757; x_wconf 87' lang='lat' dir='ltr'>quod</span> 
     </span>
     <span class='ocr_line' id='line_1_31' title="bbox 182 1759 1304 1810; baseline 0 -12"><span class='ocrx_word' id='word_1_223' title='bbox 182 1760 237 1798; x_wconf 88' lang='lat' dir='ltr'>ita</span> <span class='ocrx_word' id='word_1_224' title='bbox 263 1759 510 1805; x_wconf 88' lang='lat' dir='ltr'>connectitur,</span> <span class='ocrx_word' id='word_1_225' title='bbox 540 1759 582 1797; x_wconf 86' lang='lat' dir='ltr'>Si</span> <span class='ocrx_word' id='word_1_226' title='bbox 606 1760 692 1810; x_wconf 83' lang='lat' dir='ltr'>quis</span> <span class='ocrx_word' id='word_1_227' title='bbox 718 1760 859 1798; x_wconf 88' lang='lat' dir='ltr'>oriente</span> <span class='ocrx_word' id='word_1_228' title='bbox 885 1759 1071 1798; x_wconf 61' lang='lat' dir='ltr'>Canicula</span> <span class='ocrx_word' id='word_1_229' title='bbox 1098 1767 1211 1798; x_wconf 86' lang='lat' dir='ltr'>natus</span> <span class='ocrx_word' id='word_1_230' title='bbox 1234 1767 1304 1808; x_wconf 60' lang='grc' dir='ltr'>ωε,</span> 
     </span>
     <span class='ocr_line' id='line_1_32' title="bbox 182 1813 1307 1866; baseline -0.001 -14"><span class='ocrx_word' id='word_1_231' title='bbox 182 1814 223 1852; x_wconf 89' lang='lat' dir='ltr'>in</span> <span class='ocrx_word' id='word_1_232' title='bbox 250 1814 349 1851; x_wconf 88' lang='lat' dir='ltr'>mari</span> <span class='ocrx_word' id='word_1_233' title='bbox 373 1826 450 1851; x_wconf 91' lang='lat' dir='ltr'>non</span> <span class='ocrx_word' id='word_1_234' title='bbox 474 1813 680 1852; x_wconf 85' lang='lat' dir='ltr'>morietur:</span> <span class='ocrx_word' id='word_1_235' title='bbox 710 1814 809 1852; x_wconf 79' lang='lat' dir='ltr'>illud</span> <span class='ocrx_word' id='word_1_236' title='bbox 834 1827 987 1866; x_wconf 84' lang='lat' dir='ltr'>quoque</span> <span class='ocrx_word' id='word_1_237' title='bbox 1012 1827 1144 1851; x_wconf 81' lang='lat' dir='ltr'>verum</span> <span class='ocrx_word' id='word_1_238' title='bbox 1165 1821 1233 1862; x_wconf 86' lang='lat' dir='ltr'>est,</span> <span class='ocrx_word' id='word_1_239' title='bbox 1263 1814 1307 1852; x_wconf 89' lang='lat' dir='ltr'>Si</span> 
     </span>
     <span class='ocr_line' id='line_1_33' title="bbox 185 1867 1307 1915; baseline -0.001 -9"><span class='ocrx_word' id='word_1_240' title='bbox 185 1867 330 1906; x_wconf 86' lang='lat' dir='ltr'>Fabius</span> <span class='ocrx_word' id='word_1_241' title='bbox 361 1867 503 1905; x_wconf 84' lang='lat' dir='ltr'>oriente</span> <span class='ocrx_word' id='word_1_242' title='bbox 529 1867 713 1906; x_wconf 60' lang='lat' dir='ltr'>Canicula</span> <span class='ocrx_word' id='word_1_243' title='bbox 738 1876 851 1906; x_wconf 82' lang='lat' dir='ltr'>natus</span> <span class='ocrx_word' id='word_1_244' title='bbox 877 1876 945 1915; x_wconf 84' lang='lat' dir='ltr'>est,</span> <span class='ocrx_word' id='word_1_245' title='bbox 972 1868 1116 1906; x_wconf 86' lang='lat' dir='ltr'>Fabius</span> <span class='ocrx_word' id='word_1_246' title='bbox 1141 1868 1181 1906; x_wconf 88' lang='lat' dir='ltr'>in</span> <span class='ocrx_word' id='word_1_247' title='bbox 1206 1867 1307 1906; x_wconf 87' lang='lat' dir='ltr'>mari</span> 
     </span>
     <span class='ocr_line' id='line_1_34' title="bbox 186 1921 1306 1973; baseline 0 -13"><span class='ocrx_word' id='word_1_248' title='bbox 186 1934 264 1960; x_wconf 86' lang='lat' dir='ltr'>non</span> <span class='ocrx_word' id='word_1_249' title='bbox 282 1921 476 1959; x_wconf 84' lang='lat' dir='ltr'>morietur.</span> <span class='ocrx_word' id='word_1_250' title='bbox 527 1921 709 1972; x_wconf 85' lang='lat' dir='ltr'>Pugnant</span> <span class='ocrx_word' id='word_1_251' title='bbox 735 1935 824 1973; x_wconf 83' lang='lat' dir='ltr'>ergo</span> <span class='ocrx_word' id='word_1_252' title='bbox 847 1922 929 1960; x_wconf 80' lang='lat' dir='ltr'>haec</span> <span class='ocrx_word' id='word_1_253' title='bbox 947 1922 1045 1960; x_wconf 83' lang='lat' dir='ltr'>inter</span> <span class='ocrx_word' id='word_1_254' title='bbox 1063 1935 1115 1969; x_wconf 90' lang='lat' dir='ltr'>se,</span> <span class='ocrx_word' id='word_1_255' title='bbox 1137 1921 1306 1960; x_wconf 87' lang='lat' dir='ltr'>Fabium</span> 
     </span>
     <span class='ocr_line' id='line_1_35' title="bbox 186 1975 1308 2021; baseline 0 -8"><span class='ocrx_word' id='word_1_256' title='bbox 186 1976 330 2013; x_wconf 81' lang='lat' dir='ltr'>oriente</span> <span class='ocrx_word' id='word_1_257' title='bbox 346 1975 532 2014; x_wconf 59' lang='lat' dir='ltr'>Canicula</span> <span class='ocrx_word' id='word_1_258' title='bbox 549 1984 686 2014; x_wconf 85' lang='lat' dir='ltr'>natum</span> <span class='ocrx_word' id='word_1_259' title='bbox 705 1990 796 2021; x_wconf 88' lang='lat' dir='ltr'>esse,</span> <span class='ocrx_word' id='word_1_260' title='bbox 818 1984 854 2014; x_wconf 92' lang='lat' dir='ltr'>et</span> <span class='ocrx_word' id='word_1_261' title='bbox 872 1977 914 2013; x_wconf 90' lang='lat' dir='ltr'>in</span> <span class='ocrx_word' id='word_1_262' title='bbox 931 1976 1028 2014; x_wconf 87' lang='lat' dir='ltr'>mari</span> <span class='ocrx_word' id='word_1_263' title='bbox 1044 1976 1209 2014; x_wconf 87' lang='lat' dir='ltr'>Fabium</span> <span class='ocrx_word' id='word_1_264' title='bbox 1223 1988 1308 2014; x_wconf 87' lang='lat' dir='ltr'>mo-</span> 
     </span>
     <span class='ocr_line' id='line_1_36' title="bbox 187 2029 1308 2081; baseline 0.001 -15"><span class='ocrx_word' id='word_1_265' title='bbox 187 2029 379 2067; x_wconf 83' lang='lat' dir='ltr'>riturum:</span> <span class='ocrx_word' id='word_1_266' title='bbox 412 2037 462 2073; x_wconf 86' lang='lat' dir='ltr'>et,</span> <span class='ocrx_word' id='word_1_267' title='bbox 493 2030 674 2081; x_wconf 82' lang='lat' dir='ltr'>quoniam</span> <span class='ocrx_word' id='word_1_268' title='bbox 694 2039 840 2068; x_wconf 87' lang='lat' dir='ltr'>certum</span> <span class='ocrx_word' id='word_1_269' title='bbox 859 2029 899 2067; x_wconf 90' lang='lat' dir='ltr'>in</span> <span class='ocrx_word' id='word_1_270' title='bbox 919 2030 1040 2068; x_wconf 82' lang='lat' dir='ltr'>Fabio</span> <span class='ocrx_word' id='word_1_271' title='bbox 1057 2030 1226 2080; x_wconf 87' lang='lat' dir='ltr'>ponitur,</span> <span class='ocrx_word' id='word_1_272' title='bbox 1247 2042 1308 2068; x_wconf 92' lang='lat' dir='ltr'>or-</span> 
     </span>
     <span class='ocr_line' id='line_1_37' title="bbox 189 2083 1309 2135; baseline 0.002 -15"><span class='ocrx_word' id='word_1_273' title='bbox 189 2090 276 2120; x_wconf 88' lang='lat' dir='ltr'>tum</span> <span class='ocrx_word' id='word_1_274' title='bbox 300 2095 378 2121; x_wconf 84' lang='lat' dir='ltr'>esse</span> <span class='ocrx_word' id='word_1_275' title='bbox 404 2096 493 2121; x_wconf 91' lang='lat' dir='ltr'>eum</span> <span class='ocrx_word' id='word_1_276' title='bbox 521 2083 707 2122; x_wconf 69' lang='lat' dir='ltr'>Canicula</span> <span class='ocrx_word' id='word_1_277' title='bbox 732 2085 900 2128; x_wconf 80' lang='lat' dir='ltr'>oriente;</span> <span class='ocrx_word' id='word_1_278' title='bbox 929 2083 1011 2122; x_wconf 88' lang='lat' dir='ltr'>haec</span> <span class='ocrx_word' id='word_1_279' title='bbox 1035 2096 1188 2135; x_wconf 88' lang='lat' dir='ltr'>quoque</span> <span class='ocrx_word' id='word_1_280' title='bbox 1209 2096 1309 2134; x_wconf 60' lang='lat' dir='ltr'>put,-</span> 
     </span>
     <span class='ocr_line' id='line_1_38' title="bbox 180 2137 1310 2188; baseline 0.002 -14"><span class='ocrx_word' id='word_1_281' title='bbox 180 2143 301 2185; x_wconf 72' lang='lat' dir='ltr'>nant,</span> <span class='ocrx_word' id='word_1_282' title='bbox 329 2144 367 2175; x_wconf 88' lang='lat' dir='ltr'>et</span> <span class='ocrx_word' id='word_1_283' title='bbox 385 2150 463 2176; x_wconf 66' lang='lat' dir='ltr'>esse</span> <span class='ocrx_word' id='word_1_284' title='bbox 482 2137 664 2185; x_wconf 84' lang='lat' dir='ltr'>Fabium,</span> <span class='ocrx_word' id='word_1_285' title='bbox 695 2146 732 2176; x_wconf 87' lang='lat' dir='ltr'>et</span> <span class='ocrx_word' id='word_1_286' title='bbox 748 2138 789 2176; x_wconf 92' lang='lat' dir='ltr'>in</span> <span class='ocrx_word' id='word_1_287' title='bbox 808 2138 906 2176; x_wconf 83' lang='lat' dir='ltr'>mari</span> <span class='ocrx_word' id='word_1_288' title='bbox 924 2138 1166 2176; x_wconf 82' lang='lat' dir='ltr'>moriturum.</span> <span class='ocrx_word' id='word_1_289' title='bbox 1203 2137 1310 2188; x_wconf 86' lang='lat' dir='ltr'>Ergo</span> 
     </span>
     <span class='ocr_line' id='line_1_39' title="bbox 183 2191 1313 2243; baseline 0 -13"><span class='ocrx_word' id='word_1_290' title='bbox 183 2191 274 2241; x_wconf 31' lang='lat' dir='ltr'>‘haec</span> <span class='ocrx_word' id='word_1_291' title='bbox 298 2203 453 2243; x_wconf 91' lang='lat' dir='ltr'>quoque</span> <span class='ocrx_word' id='word_1_292' title='bbox 480 2192 697 2241; x_wconf 80' lang='lat' dir='ltr'>conjunctio</span> <span class='ocrx_word' id='word_1_293' title='bbox 722 2201 778 2232; x_wconf 89' lang='lat' dir='ltr'>est</span> <span class='ocrx_word' id='word_1_294' title='bbox 807 2205 855 2232; x_wconf 83' lang='lat' dir='ltr'>ex</span> <span class='ocrx_word' id='word_1_295' title='bbox 879 2192 1197 2243; x_wconf 78' lang='lat' dir='ltr'>repugnantibus,</span> <span class='ocrx_word' id='word_1_296' title='bbox 1227 2194 1255 2215; x_wconf 74' lang='lat'>‘⁶</span> <span class='ocrx_word' id='word_1_297' title='bbox 1275 2199 1313 2230; x_wconf 84' lang='lat' dir='ltr'>et</span> 
     </span>
    </p>
   </div>
  </div>
 </body>
</html>
