1470 2402
402 116 481 161 DE
510 119 870 171 SENECTUTE,
891 120 998 159 exp.
1020 122 1058 165 7.
1215 120 1291 159 341

165 230 445 283 Lysimachum
464 230 629 269 salutare
647 230 805 269 solitum
819 232 837 269 Ρ
866 229 1064 282 Equidem
1082 240 1160 268 non
1178 229 1295 268 modo

163 298 228 323 eos
250 285 340 323 novi
360 285 428 336 qui
457 293 561 332 sunt,
582 285 648 323 sed
667 298 800 323 eorum
819 292 945 336 patres
965 284 1096 333 etiam,
1117 291 1153 322 et
1173 296 1263 323 avos
1283 298 1293 322 :

165 351 250 387 nec,
271 340 444 391 sepulcra
462 340 606 390 legens,
628 353 757 378 vereor
777 339 898 390 (quod
922 339 1046 386 aiunt)
1074 351 1122 377 ne
1147 351 1295 376 memo-

164 393 264 431 riam
283 393 442 445 perdam
459 408 469 431 2
499 394 559 432 his
579 394 682 432 enim
708 394 799 445 ipsis
817 394 1002 444 legendis,
1023 393 1133 431 redeo
1153 393 1193 430 in
1212 406 1294 431 me-

165 447 331 485 moriam
357 455 612 486 mortuorum.
654 449 695 486 N
698 461 738 486 ec
767 461 856 486 vero
889 461 1126 499 quemquam
1158 460 1294 485 senum

164 501 297 540 audivi
315 502 495 550 oblitum,
516 516 594 554 quo
613 503 695 540 loco
714 502 938 540 thesaurum
957 502 1154 540 obruisset.
1194 501 1295 540 Om-

164 556 244 604 nia,
258 570 346 607 quae
365 563 514 604 curant,
526 557 811 603 meminerunt;
829 556 1048 595 vadimonia
1063 555 1267 594 constituta
1281 570 1293 602 ;

164 610 234 662 qui
248 610 334 659 sibi,
357 611 500 662 quibus
519 611 606 662 ipsi,
627 611 802 649 debeant.

221 664 332 712 Quid
346 665 640 714 jurisconsulti?
670 665 766 717 quid
788 665 1018 717 pontifices?
1049 665 1144 716 quid
1170 678 1294 716 augu-

163 718 253 757 res?
283 719 378 771 quid
404 719 624 771 philosophi
643 722 782 758 senes?
813 733 932 771 quam
956 720 1083 758 multa
1107 720 1294 758 memine-

163 780 256 811 runt
274 773 284 811 !
330 773 498 812 Manent
534 774 689 825 ingenia
726 773 894 823 senibus,
923 774 1040 813 modo
1071 782 1296 825 pemianeat

164 827 339 866 studium
365 836 402 866 et
420 828 609 866 industria
625 843 637 875 ς
667 840 737 867 nec
756 842 801 867 ea
819 829 946 867 solum
964 828 1005 866 in
1032 828 1141 867 claris
1161 836 1198 867 et
1223 829 1294 867 ho-

162 882 306 921 noratis
339 882 443 931 viris,
475 882 541 921 sed
570 883 612 920 in
645 882 724 921 vita
756 883 872 921 etiam
901 882 1052 935 privata⁴
1085 891 1122 921 et
1148 883 1293 934 quieta.

163 936 372 988 Sophocles
390 937 440 975 ad
459 950 654 975 summam
680 946 914 976 senectutem
943 937 1145 988 tragoedias
1175 937 1292 983 fecit3

162 990 268 1042 quod
278 998 434 1043 propter
447 991 635 1039 studium,
652 1004 742 1030 cum
757 1005 838 1030 rem
853 991 1085 1030 familiarem
1100 992 1294 1043 negligere

161 1044 367 1093 videretur,
388 1058 411 1083 a
429 1046 518 1083 filiis
536 1045 576 1083 in
589 1045 781 1095 judicium
796 1054 951 1085 vocatus
967 1054 1022 1084 est
1038 1060 1050 1091 ς
1080 1053 1139 1092 ut,
1156 1059 1294 1097 quem-

162 1098 372 1138 admodum
392 1107 522 1138 nostro
539 1113 646 1138 more
664 1101 767 1138 male
782 1113 864 1139 rem
878 1101 1100 1152 gerentibus
1118 1100 1294 1151 patribus

162 1154 273 1192 bonis
291 1153 465 1193 interdici
484 1155 592 1202 solet,
613 1154 665 1193 sic
683 1154 812 1204 illum,
840 1155 950 1207 quasi
976 1154 1242 1206 desipientem,
1271 1168 1295 1194 a

160 1220 202 1246 re
220 1208 402 1246 familiari
419 1216 658 1247 removerent
672 1209 832 1259 judices.
881 1209 990 1247 Tum
1017 1222 1133 1248 senex
1153 1209 1294 1248 dicitur

161 1275 248 1301 eam
266 1262 455 1311 fabulam,
476 1275 596 1315 quam
615 1263 656 1301 in
675 1264 855 1302 manibus
866 1263 1047 1312 habebat,
1063 1271 1101 1302 et
1114 1264 1293 1315 proxime

159 1316 373 1369 scripserat,
406 1317 599 1369 OEdipum
628 1318 858 1368 Coloneum,
879 1319 1054 1357 recitasse
1080 1318 1291 1368 judicibus,

159 1372 432 1424 quaesisseque,
448 1385 546 1410 num
559 1372 659 1410 illud
673 1385 827 1411 carmen
840 1373 1060 1424 desipientis
1071 1372 1265 1412 videretur
1279 1387 1289 1411 τ

160 1438 240 1478 quo
259 1425 429 1475 recitato,
450 1426 646 1465 sententiis
661 1426 840 1476 judicum
861 1435 916 1465 est
929 1428 1125 1466 liberatus.

214 1480 328 1518 Num
352 1480 471 1532 igitur
493 1481 612 1528 hunc,
640 1493 737 1519 num
764 1481 1000 1529 Homerum,
1028 1494 1126 1520 num
1150 1481 1291 1520 Hesio-

157 1533 272 1582 dum,
315 1547 413 1573 num
450 1535 706 1583 Simonidem,
747 1548 845 1574 num
884 1535 1158 1584 Stesichorum,
1193 1548 1291 1574 num

157 1591 274 1640 (quos
292 1596 382 1627 ante
400 1588 500 1638 dixi)
520 1589 743 1639 Isocratem,
773 1589 976 1641 Gorgiam,
1004 1602 1102 1628 num
1121 1590 1291 1641 philoso-

156 1642 326 1694 phorum
345 1643 549 1695 principes,
571 1644 850 1695 Pythagoram,
877 1644 1163 1693 Democritum,
1191 1656 1290 1682 num

157 1697 380 1747 Platonem,
399 1709 498 1736 num
511 1698 786 1746 Xenocratem,
807 1710 904 1737 num
923 1707 1056 1751 postea
1074 1698 1288 1748 Zenonem,

157 1751 405 1800 Cleanthem,
425 1760 494 1791 aut
512 1765 617 1801 eum,
638 1765 755 1805 quem
773 1765 840 1791 vos
869 1753 985 1791 etiam
1011 1753 1151 1791 Romae
1173 1752 1291 1791 vidis-

156 1805 221 1854 tis,
242 1806 461 1858 Diogenem
479 1807 669 1855 Stoicum,
690 1807 814 1869 coegit
831 1806 873 1845 in
899 1808 978 1846 suis
995 1807 1131 1846 studiis
1149 1808 1290 1846 obmu-

153 1866 297 1900 vescere
316 1864 520 1901 senectus?
549 1874 599 1900 an
622 1874 700 1900 non
725 1862 766 1900 in
792 1862 1006 1901 omnibus
995 1862 1043 1901 115
1071 1861 1289 1901 studiorum

154 1915 316 1967 agitatio
334 1915 423 1955 vitae
441 1916 600 1968 aequalis
610 1915 709 1955 fuit.
699 1918 718 1945 ⁹

208 1969 315 2022 Age,
335 1977 381 2010 ut
397 1970 471 2010 ista
489 1970 620 2009 divina
638 1970 766 2010 studia
779 1970 1019 2021 omittamus,
1039 1983 1198 2033 possum
1217 1983 1289 2010 no-

153 2023 304 2064 minare
321 2038 370 2064 ex
389 2038 481 2078 agro
504 2026 648 2065 Sabino
673 2025 833 2065 rusticos
854 2026 1069 2075 Romanos,
1089 2025 1232 2065 vicinos
1251 2035 1290 2064 et

154 2078 363 2119 familiares
393 2093 516 2130 meos,
535 2080 678 2132 quibus
711 2080 946 2129 absentibus,
971 2093 1175 2132 nunquam
1206 2079 1288 2118 fere

154 2133 237 2172 ulla
254 2134 296 2172 in
314 2147 408 2186 agro
425 2136 575 2185 majora
597 2147 713 2186 opera
735 2134 851 2184 fiunt,
885 2147 964 2174 non
990 2135 1171 2184 serendis,
1204 2146 1286 2173 non

153 2188 422 2240 percipiendis,
449 2202 528 2228 non
559 2189 767 2229 condendis
797 2189 1012 2229 fructibus:
1042 2201 1286 2242 quamquam

154 2242 195 2282 in
208 2242 285 2284 iuis
302 2243 433 2285 minus
451 2244 523 2285 hoc
541 2243 687 2286 mirum
701 2259 713 2285 ε
742 2256 858 2285 nemo
869 2244 975 2285 enim
986 2251 1043 2286 est
1056 2252 1137 2286 tam
1152 2255 1284 2293 senex,

825 2300 850 2338 2
873 2310 900 2338 G
920 2299 947 2338 3
