1470 2402
237 127 317 167 406
577 128 949 170 PARADOXON
977 128 1037 169 11.

234 236 336 276 inter
353 242 392 275 te
405 242 522 289 atque
540 237 830 291 quadrupedem
849 238 1021 291 aliquam
1031 243 1144 290 putae
1151 237 1331 276 interesse
1343 237 1362 274 ἲ

237 289 468 343 Quidquam
486 293 633 331 bonum
653 300 722 342 est,
744 292 849 344 quod
867 305 945 332 non
964 305 1070 341 eum,
1089 292 1159 344 qui
1175 291 1217 330 id
1241 289 1362 343 possi-

237 344 318 393 det,
339 346 537 385 meliorem
560 347 651 386 facit
668 350 686 386 ?
726 348 784 386 Ut
806 347 909 385 enim
929 347 1093 400 quisque
1118 353 1174 385 est
1190 345 1362 384 maxime

237 399 330 439 boni
347 400 549 453 particeps,
579 401 634 440 ita
651 409 689 440 et
705 401 909 440 laudabilis
930 402 1125 440 maxime:
1156 413 1282 451 neque
1307 404 1364 436 est

236 454 366 492 ullum
384 456 546 504 bonum,
567 455 615 494 de
634 469 712 508 quo
726 468 804 494 non
823 455 869 504 is,
890 455 959 508 qui
975 455 1016 493 id
1034 455 1187 503 habeat,
1206 454 1364 492 honeste

237 509 357 560 possit
375 509 541 560 gloriari.
571 510 680 558 Quid
698 518 829 548 autem
848 517 904 549 est
917 510 1058 548 horum
1071 510 1112 547 in
1131 509 1328 560 voluptate
1344 509 1362 546 ?

238 562 496 603 Melioremne
534 564 649 603 efficit
682 572 752 603 aut
782 564 1075 603 laudabiliorem
1107 563 1235 602 virum
1249 565 1267 601 ‚⁹
1314 573 1365 600 an

237 617 460 669 quisquam,
491 618 531 656 in
558 619 753 671 potiundis
778 619 1054 671 voluptatibus,
1073 616 1273 670 gloriando
1287 627 1366 654 sese

239 679 278 710 et
296 672 565 723 praedicatione
585 673 721 712 effert?
751 673 893 725 Atqui,
915 673 946 712 si
960 673 1150 724 voluptas,
1171 685 1259 724 quae
1276 671 1365 723 plu·

239 726 428 764 rimorum
454 728 673 780 patrociniis
697 727 929 776 defenditur,
949 727 990 766 in
1019 729 1133 766 rebus
1161 725 1272 765 bonis
1297 725 1366 763 ha-

239 781 366 819 benda
398 792 476 820 non
510 790 592 829 θεῖς
624 795 759 834 eaque,
794 795 872 834 quo
905 790 961 821 est
992 783 1132 832 major,
1167 793 1211 819 eo
1240 779 1365 830 magis

237 843 411 874 mentem
438 850 458 875 e
489 837 558 875 sua
581 837 669 876 sede
696 844 733 875 et
757 844 859 875 statu
878 837 1062 884 dimovet,
1082 835 1251 888 profecto
1268 833 1368 872 nihil

238 897 298 951 est
316 890 422 929 aliud
440 892 537 930 bene
557 899 595 930 et
618 893 729 930 beate
754 891 895 941 vivere,
925 891 1000 930 nisi
1022 891 1181 930 honeste
1205 895 1244 928 et
1267 894 1367 928 recte

242 956 380 984 vivere.

614 1087 904 1116 PARADOXON
934 1087 987 1114 11.

294 1176 380 1215 Ὀτι
399 1193 583 1228 αυταρκης
600 1180 621 1224 η’
645 1195 755 1231 αρετη
776 1194 864 1230 προς
884 1178 1114 1229 ευὸαιμονιαν.

295 1230 346 1269 In
365 1245 443 1324 qug
472 1233 592 1272 virtus
617 1233 679 1282 sit,
701 1234 737 1272 ei
764 1233 863 1272 nihil
882 1234 1009 1272 deesse
1027 1232 1077 1271 ad
1101 1233 1212 1271 beate
1237 1229 1369 1269 viven-

435 1299 515 1324 um.

297 1373 385 1412 Nec
420 1387 509 1413 vero
547 1388 617 1427 ego
653 1374 716 1413 M.
750 1375 950 1426 Regulum
987 1384 1264 1419 aerumnosum,
1301 1383 1372 1409 nec

242 1427 450 1476 infelicem,
471 1441 540 1468 nec
558 1430 758 1478 miserum,
774 1441 950 1481 unquam
968 1427 1114 1480 putavi.
1159 1426 1253 1464 Non
1267 1425 1371 1464 enim

243 1483 472 1534 magnitudo
502 1484 622 1522 animi
646 1485 729 1533 ejus
759 1483 1048 1522 excruciabatur
1076 1495 1100 1520 a
1130 1479 1272 1527 Poenis,
1293 1491 1371 1518 non

241 1537 423 1588 gravitas,
444 1550 521 1577 non
540 1538 648 1585 fides,
669 1551 747 1577 non
778 1537 1003 1584 constantia,
1028 1548 1106 1574 non
1132 1535 1214 1574 ulla
1235 1533 1370 1581 virtus,

243 1603 323 1630 non
341 1591 507 1644 denique
526 1593 678 1631 animus
703 1593 810 1644 ipse3
841 1592 923 1645 qui,
951 1598 1009 1630 tot
1036 1590 1225 1629 virtutum
1242 1587 1374 1640 praesi-

243 1645 323 1694 dio,
345 1653 529 1699 tantoque
548 1647 746 1695 comitatu,
773 1660 863 1686 cum
889 1658 1026 1697 corpus
1051 1645 1133 1694 ejus
1158 1650 1371 1696 caperetur,

243 1700 331 1751 capi
345 1708 443 1739 certe
461 1702 542 1753 ipse
561 1714 639 1741 non
657 1701 794 1753 potuit.
825 1701 872 1739 C.
887 1713 976 1739 vero
994 1698 1171 1737 Marium
1190 1697 1372 1756 vidimus,

246 1754 317 1806 qui
336 1755 434 1793 mihi
452 1756 627 1794 secundis
644 1756 685 1794 in
704 1757 817 1794 rebus
836 1768 938 1793 unus
957 1767 1005 1792 ex
1024 1750 1228 1791 fortunatis
1245 1751 1372 1789 honu-

248 1808 389 1855 nibus;
420 1809 460 1847 in
480 1810 655 1856 adversis⁶
664 1823 765 1848 unus
784 1823 832 1848 ex
844 1808 1006 1848 summis
1024 1807 1128 1854 viris,
1144 1805 1344 1845 videbatur
1359 1817 1372 1849 ς

249 1875 328 1914 quo
342 1864 490 1903 beatius
509 1878 588 1903 esse
606 1864 760 1907 mortali
779 1864 875 1902 nihil
893 1869 1027 1915 potest.
1058 1861 1208 1908 Nescis,
1227 1860 1373 1905 insane,

250 1917 386 1961 nescis,
420 1927 583 1970 quantas
603 1919 700 1958 vires
719 1918 839 1957 virtus
857 1918 1021 1956 habeat:
1062 1927 1203 1953 nomen
1222 1921 1374 1952 tantum

249 1971 400 2011 virtutis
420 1986 606 2025 usurpas;
651 1972 746 2025 quid
771 1974 854 2024 ipsa
872 1972 1009 2017 valeat,
1039 1971 1202 2021 ignoras.
1244 1968 1376 2005 Nemo

248 2033 373 2076 potest
399 2039 477 2065 non
505 2027 746 2066 beatissimus
771 2040 864 2074 esse,
885 2026 953 2077 qui
979 2032 1034 2063 est
1064 2032 1166 2062 totus
1188 2029 1300 2073 aptus
1327 2032 1375 2058 ex

250 2092 344 2127 sese,
375 2081 519 2133 quique
545 2082 585 2120 in
612 2095 651 2121 se
676 2094 754 2120 uno
780 2094 850 2120 sua
873 2076 982 2132 ponit
1006 2078 1147 2118 omnia-
1189 2076 1265 2115 Cui
1291 2087 1377 2135 spes

250 2135 377 2173 omnis
396 2142 436 2174 et
459 2136 556 2174 ratio
581 2143 619 2174 et
644 2135 822 2187 cogitatio
848 2134 991 2187 pendet
1015 2146 1064 2172 ex
1089 2130 1259 2178 fortuna,
1285 2129 1378 2167 huie

247 2187 346 2226 nihil
364 2197 489 2241 potest
513 2203 592 2229 esse
619 2190 737 2236 certi;
767 2189 879 2237 nihil,
907 2187 1012 2240 quod
1037 2187 1280 2238 exploratum
1307 2182 1378 2242 ha-

251 2242 340 2281 beat
357 2256 653 2294 permansurum
673 2244 745 2284 sibi
763 2256 889 2283 unum
907 2242 1023 2282 diem.
1063 2241 1172 2280 Eum
1190 2246 1233 2278 tu
1252 2237 1380 2276 homi-
