1470 2402
200 109 275 148 196
341 109 419 148 DE
449 109 712 160 LEGIBUS,
741 108 946 150 L1n.111.
976 109 1166 150 cnam.

194 216 281 264 nisi,
301 224 368 255 aut
386 226 563 269 peccante
582 226 730 267 senatu,
751 218 872 270 (quod
890 219 934 257 fit
955 217 1164 256 ambitione
1181 215 1308 267 saepis-

193 270 302 319 sime,
331 273 439 310 nullo
466 272 691 323 magistratu
721 272 942 322 adjuvante)
975 271 1059 310 tolli
1085 270 1188 308 diem
1215 269 1310 308 utile

193 331 274 370 est3
310 332 377 363 aut
405 339 495 364 cum
523 334 628 364 tanta
655 339 768 365 causa
795 334 862 373 est,
891 335 936 364 ut
960 339 1056 377 opus
1081 324 1130 363 sit
1153 322 1310 362 oratoris

192 379 302 429 copia
321 380 381 417 vel
400 380 449 417 ad
467 380 714 428 hortandum,
734 381 794 418 vel
813 380 862 419 ad
880 379 1119 418 docendum:
1144 388 1311 431 quorum

191 444 377 482 generum
395 434 436 471 in
456 442 618 485 utroque
637 447 800 485 magnus
819 442 945 473 noster
963 434 1060 472 Cato
1078 439 1145 471 est.

246 486 440 538 Quodque
459 488 578 535 addit,
608 490 635 510 “
654 489 798 527 Causas
822 488 956 540 populi
981 493 1121 534 teneto,
1125 486 1150 503 ''
1171 492 1227 524 est
1251 496 1310 522 se-

191 540 316 578 natori
334 542 601 589 necessarium,
628 545 738 581 nosse
760 542 1049 594 rempublicam.
1089 539 1216 600 quue
1232 537 1310 576 late

191 601 316 644 patet:
343 595 437 646 quid
451 596 589 634 habeat
607 596 791 645 militum,
808 595 903 647 quid
917 596 1039 634 valeat
1053 594 1198 641 aerario,
1214 604 1312 644 quos

191 648 310 685 socios
335 650 550 713 respublica
574 650 725 698 habeat,
756 663 850 702 quos
875 649 1030 697 31111805,
1050 661 1147 700 quos
1168 646 1311 698 stipen-

191 700 343 746 diarios,
364 716 442 754 qua
461 704 622 755 quisque
641 705 689 742 sit
706 705 803 755 lege,
824 703 1051 750 conditione,
1070 700 1228 740 foedere:
1254 707 1310 737 te-

191 767 280 793 nere
298 758 611 796 consuetudinem
631 758 870 805 decernendi,
892 759 1002 796 nosse
1027 754 1204 816 exempla
1228 766 1311 790 ma-

186 809 329 870 jorum.
371 811 520 850 Videtis
543 813 640 861 jam,
666 825 787 864 genus
805 812 877 850 hoc
895 824 1008 850 omne
1026 809 1204 855 scientiae,
1223 806 1311 845 dili-

188 863 342 912 gentiae,
363 866 558 904 memoriae
578 879 675 913 esse3
701 866 781 905 sine
800 879 877 919 quo
895 872 1050 918 paratus
1069 876 1148 902 esse
1161 868 1310 901 senator

188 917 297 954 nullo
315 926 426 968 pacto
445 927 578 970 potest.

243 970 434 1023 Deinceps
462 982 550 1011 sunt
579 987 667 1012 cum
695 974 840 1034 populo
871 973 1062 1017 actiones;
1101 971 1142 1008 in
1170 969 1311 1021 quibus

188 1024 374 1086 primum,
409 1034 446 1064 et
476 1027 708 1075 maximum,
746 1030 773 1050 “
791 1027 862 1066 Vis
894 1029 1034 1065 abesto.
1039 1026 1064 1043 '’
1111 1023 1225 1062 Nihil
1254 1030 1310 1062 est

187 1078 291 1115 8111111
310 1079 504 1118 exitiosius
524 1080 753 1127 civitatibus,
774 1081 872 1118 1111111
886 1088 966 1118 tam
980 1078 1211 1118 contrarium
1225 1076 1306 1126 juri

187 1139 226 1170 et
248 1132 412 1183 legibus,
437 1134 535 1171 nihil
560 1134 690 1171 minus
716 1134 825 1172 civile
850 1142 888 1172 et
913 1134 1144 1181 humanum,
1168 1144 1302 1192 quam,

186 1186 397 1246 composita
415 1195 452 1225 et
470 1188 674 1226 constituta
692 1187 901 1239 republica,
922 1186 1135 1238 quidquam
1153 1185 1216 1236 agi
1234 1198 1303 1236 per

186 1239 278 1278 vim.
319 1241 458 1279 Parere
477 1242 588 1290 jubet
611 1241 868 1286 intercessori;
899 1254 976 1293 quo
999 1240 1096 1278 nihil
1120 1246 1303 1291 praestan-

186 1293 274 1331 tius.
315 1295 503 1346 Impedin'
522 1295 626 1334 enim
644 1297 785 1334 bonam
805 1308 886 1334 rem
905 1295 1057 1344 melius,
1078 1305 1197 1346 quam
1216 1304 1304 1332 con-

186 1347 269 1385 cedi
287 1349 412 1386 malae.

238 1401 358 1440 XIX.
389 1402 507 1450 Quod
533 1416 619 1442 vero
645 1403 780 1442 actoris
801 1404 918 1464 jubeo
943 1415 1021 1441 esse
1045 1400 1235 1449 fraudem,
1261 1399 1302 1438 id

183 1461 310 1493 totum
342 1455 424 1494 dixi
457 1469 504 1494 ex
534 1457 675 1503 Crassi,
709 1456 976 1509 sapientissimi
1004 1455 1184 1503 hominis,
1216 1467 1302 1492 sen-

183 1509 327 1555 tentia;
358 1523 474 1560 quem
502 1518 558 1548 est
583 1518 734 1560 senatus
759 1519 922 1558 secutus,
947 1522 1036 1549 cum
1062 1507 1297 1555 decrevisset,

182 1561 228 1600 C.
251 1563 413 1602 Claudio
439 1564 592 1602 consule
614 1564 662 1602 de
687 1565 759 1603 Cn.
781 1565 966 1603 Carbonis
995 1563 1177 1601 seditione
1203 1561 1299 1600 refe-

181 1624 300 1664 rente,
320 1616 439 1655 invito
459 1631 516 1666 eo,
538 1618 606 1669 qui
630 1631 719 1656 cum
744 1618 886 1670 populo
911 1625 1052 1668 ageret,
1076 1615 1299 1655 seditionem

180 1682 256 1708 non
286 1683 395 1721 posse
422 1671 518 1719 fieri,
545 1672 688 1723 quippe
713 1673 776 1711 cui
800 1672 910 1710 liceat
934 1670 1153 1718 8011811111111,
1180 1669 1296 1707 51111111

177 1732 293 1775 atque
311 1724 572 1786 intercessum,
589 1726 809 1787 turbatique
823 1733 989 1777 coeptum
1008 1724 1070 1772 sit,
1090 1723 1292 1762 dimittere.

178 1777 298 1824 Quod
316 1779 385 1830 qui
402 1787 612 1830 permovet,
633 1792 722 1818 cum
741 1779 803 1830 agi
822 1779 918 1817 nihil
936 1785 1073 1830 potest,
1089 1777 1168 1816 vim
1187 1790 1292 1829 quae-

177 1831 252 1877 rit;
283 1833 392 1881 cujus
410 1832 681 1884 impunitatem
699 1833 841 1872 amittit
858 1833 928 1871 hac
946 1833 1042 1884 lege.

237 1885 419 1936 Sequitur
441 1886 562 1924 illud:
600 1889 629 1910 “
650 1888 877 1926 Intercessor
900 1886 954 1924 rei
980 1885 1093 1924 malae
1120 1884 1293 1923 salutaris

174 1937 266 1976 civis
285 1947 375 1978 esto.
379 1940 405 1957 '⁹
435 1939 534 1987 Quis
554 1953 631 1979 non
651 1940 816 1979 studiose
830 1940 1048 1992 reipublicae
1062 1938 1291 1987 subvenerit,

174 1992 246 2030 hac
266 2000 345 2030 tam
364 1994 546 2044 praeclara
563 1995 657 2054 18815
677 2007 766 2033 voce
782 1994 992 2033 laudatus?

229 2046 327 2083 Sunt
352 2047 488 2085 deinde
510 2048 631 2098 posita
656 2048 845 2100 deinceps
866 2061 953 2099 quae
970 2047 1155 2086 habemus
1176 2045 1291 2084 etiam

171 2099 212 2136 in
237 2100 400 2150 publicis
425 2100 607 2140 institutis
629 2110 744 2171 atque
762 2102 933 2153 legibus:
966 2103 994 2124 “
1010 2100 1197 2152 Auspicia
1215 2112 1292 2138 ser-

172 2160 312 2190 vanto:
347 2154 483 2205 auguri
508 2156 708 2216 parentoss'
747 2155 820 2194 Est
843 2162 973 2194 autem
1001 2154 1091 2193 boni
1118 2153 1289 2204 auguris,

170 2206 401 2258 meminisse,
433 2208 614 2249 maximis
642 2209 862 2263 reipublicae
889 2208 1124 2261 temporibus
1152 2215 1289 2260 praesto
