1470 2402
355 155 434 196 DE
466 155 767 203 AMICITIA,
788 155 894 195 CAP.
916 155 982 194 21.
1145 153 1221 196 391

145 262 326 305 'rantum
367 274 497 305 autem
543 266 683 318 cuique
723 263 986 309 tribuendum,
1028 259 1215 316 primuni,

91 327 287 369 quantum
315 320 396 372 ipse
424 320 569 359 efficere
596 320 736 372 possis;
767 319 904 357 (ιειιιᾰε
933 318 1063 365 etiam,
1095 331 1219 378 quan-

89 378 178 410 tum
211 374 291 422 ille,
329 388 446 426 quem
480 375 616 426 diligas
654 382 769 426 atque
806 373 978 422 adjuves,
1017 372 1213 410 sustinere.

89 425 183 465 Non
217 428 320 466 enim
353 437 396 467 tu
426 429 559 480 possis,
591 428 840 480 quantumvis
873 427 1048 469 excellas,
1082 438 1216 465 omnes

86 486 174 519 tuos
200 482 250 520 ad
275 483 435 521 honores
462 483 716 534 amplissimos
744 482 976 533 perducere;
1014 489 1058 518 ut
1083 480 1213 531 Scipio

86 533 133 571 P.
164 536 361 575 Rutilium
386 537 511 588 potuit
540 537 733 575 consulem
759 536 917 583 efficere,
944 535 1100 572 fratrem
1127 536 1210 583 ejus

85 587 256 628 Lucium
284 603 362 629 non
387 591 524 643 potuit.
569 591 687 638 Quod
712 591 743 628 si
771 590 885 628 etiam
913 589 1032 640 possis
1058 588 1211 640 quidvis

83 641 230 682 deferre
256 644 304 682 ad
324 645 502 693 alterum,
530 645 741 683 videndum
769 652 825 682 est
850 651 994 690 tamen,
1021 643 1116 693 quid
1141 643 1206 681 ille

83 697 203 748 possit
221 699 417 737 sustinere.

137 751 312 791 Omnino
345 753 537 815 amicitiae,
565 752 812 792 corroboratis
842 753 926 802 jam
957 751 1209 790 confirmatis-

81 819 159 858 que
178 814 216 845 et
232 807 395 858 ingeniis
414 815 451 845 et
475 807 664 854 aetatibus,
690 807 908 857 judicandae
925 814 1039 844 sunt·
1070 818 1153 852 nec,
1175 806 1207 844 si

80 860 164 912 qui,
184 860 340 900 ineunte
359 869 482 910 aetate,
503 862 667 900 venandi
683 869 750 899 aut
768 861 857 912 pilae
870 860 1030 899 studiosi
1047 860 1207 908 fuerint,

80 927 143 953 eos
162 914 308 954 habere
319 916 545 954 necessarios
563 924 724 968 oportet,
746 928 842 976 quos
867 924 953 952 tum
972 914 1106 952 eodem
1125 924 1207 952 stu-

79 968 144 1007 dio
163 969 342 1020 praeditos
362 970 603 1008 dilexerunt.
634 970 706 1008 isto
725 970 828 1008 enim
847 969 964 1007 modo
983 970 1148 1007 nutrices
1168 976 1207 1007 et

79 1023 294 1075 paedagogi,
325 1025 412 1074 jure
442 1024 654 1071 vetustatis,
688 1023 903 1075 plurimum
932 1025 1054 1061 benex
1055 1022 1207 1060 olentiae

79 1079 357 1129 postulabunt:
390 1079 458 1130 qui
483 1078 701 1130 negligendi
727 1077 885 1130 quidem
911 1089 988 1115 non
1015 1085 1118 1122 sunt,
1140 1077 1205 1115 sed

79 1132 155 1170 alio
174 1132 343 1183 quodam
362 1132 478 1171 modo
502 1133 663 1171 colendi.
704 1133 833 1170 Aliter
850 1131 1028 1169 amicitiae
1047 1131 1202 1169 stabiles

75 1199 298 1237 permanere
317 1198 394 1225 non
412 1195 583 1238 possunt.
613 1186 795 1238 Dispares
809 1186 910 1224 enim
923 1198 1062 1231 mores,
1077 1184 1204 1236 dispa-

75 1240 132 1278 ria
151 1240 290 1289 studia,
311 1250 538 1292 sequuntur,
556 1254 723 1293 quorum
742 1239 1012 1278 dissimilitudo
1027 1239 1202 1278 dissociat

72 1295 284 1333 amicitias:
311 1308 399 1344 nec,
419 1297 468 1334 ob
489 1296 603 1333 aliam
619 1308 774 1334 causam
792 1295 929 1341 ullam,
946 1294 1038 1332 boni
1057 1294 1196 1345 impro-

76 1349 150 1397 bis,
170 1349 337 1401 improbi
355 1350 479 1398 bonis,
500 1349 614 1388 amici
633 1363 712 1388 esse
726 1362 802 1387 non
817 1356 991 1400 possunt,
1008 1348 1081 1386 nisi
1096 1348 1202 1399 quod

73 1411 181 1442 tanta
193 1412 248 1442 est
258 1404 357 1442 inter
369 1417 445 1451 eos,
462 1412 607 1456 quanta
620 1404 793 1442 maxima
804 1411 929 1455 potest
939 1416 1032 1452 aese,
1044 1414 1201 1440 morum

72 1458 367 1510 studiorumque
384 1458 577 1496 distantia.

132 1512 255 1550 Recte
273 1512 390 1550 etiam
408 1512 562 1564 praecipi
580 1519 704 1564 potest
721 1511 763 1549 in
781 1511 972 1558 amicitiis,
992 1524 1041 1549 ne
1058 1511 1200 1549 intem-

75 1573 207 1618 perata
221 1566 399 1617 quaedam
417 1567 681 1604 benevolentia
705 1566 828 1617 (quod
851 1578 1019 1616 persaepe
1045 1564 1105 1611 fit)
1125 1565 1201 1602 im-

75 1620 205 1672 pediat
222 1632 383 1671 magnas
401 1620 583 1658 utilitates
603 1620 826 1658 amicorum.
856 1620 897 1657 N
900 1632 940 1657 ec
954 1619 1059 1657 enim
1075 1623 1137 1662 (ut
1151 1618 1200 1656 ad

71 1675 224 1713 fabulas
242 1674 410 1721 redeam)
430 1674 592 1724 Trojam
613 1674 891 1725 Neoptolemus
906 1686 1039 1724 capere
1053 1672 1199 1724 potuis-

75 1736 145 1777 set,
167 1729 198 1767 si
218 1728 492 1780 Lycomedem,
513 1728 617 1780 apud
630 1741 746 1779 quem
758 1735 838 1766 erat
853 1727 1048 1773 educatus,
1064 1727 1199 1765 multis

75 1796 168 1822 cum
185 1782 364 1834 lacrymis
382 1782 454 1820 iter
472 1795 587 1820 suum
604 1782 893 1833 impedientem,
906 1781 1039 1819 audire
1057 1781 1200 1819 voluis-

75 1844 143 1876 set.
173 1837 228 1875 Et
244 1849 346 1898 saepe
364 1836 538 1875 incidunt
553 1848 704 1887 magnae
721 1849 794 1882 ιω,
807 1843 852 1874 ut
863 1835 1136 1874 discedendum
1151 1835 1200 1873 sit

73 1894 122 1930 ab
142 1891 300 1937 amicis;
330 1904 425 1943 quas
444 1891 513 1943 qui
530 1890 716 1942 impedire
729 1890 827 1937 vult,
843 1889 948 1941 quod
967 1889 1199 1927 desiderium

73 1958 152 1984 non
170 1945 282 1984 facile
299 1945 441 1992 ferat,
430 1958 462 1983 is
481 1954 518 1983 et
535 1945 713 1982 infirmus
731 1952 800 1991 est,
810 1919 1025 2009 'mollisque
1043 1944 1196 1990 natura,

74 2008 126 2046 et,
142 2001 191 2038 ob
206 2013 292 2037 eam
310 1999 435 2060 ipsam
453 2012 621 2046 causam,
642 1998 683 2036 in
709 1998 877 2036 amicitia
901 2011 1040 2049 parum
1055 1999 1196 2048 justus.

74 2053 239 2105 Atque
228 2066 270 2091 ιιι
279 2054 390 2092 omni
403 2066 443 2092 re
455 2053 772 2092 considerandum
787 2060 856 2100 est,
873 2059 910 2090 et
921 2052 1016 2104 quid
1029 2052 1199 2103 postules

74 2110 125 2147 ab
144 2107 281 2155 amico,
301 2115 339 2146 et
353 2107 490 2160 quidp
492 2107 608 2146 atiare
626 2121 649 2145 a
662 2115 699 2145 te
716 2105 924 2158 impetrari.

129 2161 250 2200 XXI.
279 2161 353 2200 Est
370 2162 486 2200 etiam
506 2162 615 2214 quasi
633 2161 811 2213 quaedam
825 2159 1050 2198 calamitas
1039 2173 1079 2197 ιιι
1099 2160 1197 2197 ami-

75 2216 174 2255 citiis
184 2215 422 2255 dimittendis
435 2229 716 2268 nonnunquam
727 2215 952 2253 necessaria·
963 2215 1053 2276 jam
1062 2214 1164 2252 enim
1176 2228 1201 2252 a

76 2270 308 2323 sapientium
322 2270 644 2311 familiaritatibus
655 2269 704 2311 ad
724 2269 898 2323 vulgares
912 2268 1098 2310 amicitias
1115 2281 1202 2309 ora-
