1470 2402
351 126 433 167 DE
460 126 819 178 SENECTUTE,
839 126 946 167 CAP.
967 127 1007 166 3.
1161 129 1242 167 335

118 246 246 284 11111111,
267 236 355 289 quis
373 237 497 289 coegit
515 250 578 277 eos
601 236 744 276 falsum
769 238 935 289 putare?
964 235 1035 298 qui
1063 235 1166 275 enim
1192 237 1246 276 ci-

118 289 197 329 tius
214 291 477 331 adolescentiae
496 299 680 339 senectus,
701 305 820 343 quam
838 291 1012 343 pueritiae
1027 290 1243 330 adolescen-

118 344 187 393 tia,
208 345 388 407 obrepit?
432 346 599 394 Deinde,
624 348 694 398 qui
712 346 843 384 minus
860 345 987 397 gravis
1006 354 1104 384 oeset
1121 345 1168 384 iis
1187 359 1246 384 se-

118 406 267 448 nectus,
283 400 315 438 si
325 400 684 452 octingentesimum
698 413 846 438 annum
865 408 1034 451 agerent,
1048 413 1167 461 quam
1182 413 1246 439 oc-

119 454 382 505 togesimum?
424 455 622 493 Praeterita
651 454 755 493 enim
781 462 885 503 aetas,
914 454 1090 506 quamvis
1113 455 1244 506 longa,

118 520 211 547 cum
230 508 452 558 effluxisset,
473 509 584 548 nulla
602 508 855 549 consolatione
869 509 1106 561 permulcere
1119 517 1247 561 posset

117 563 278 601 stultam
296 571 542 603 senectutem.

174 617 380 666 Quocirca,
412 619 444 657 si
476 618 702 670 sapientiam
733 630 862 657 meam
894 617 1076 656 admirari
1100 617 1243 666 soletis,

120 673 228 723 (quae
244 672 395 711 utinam
417 673 535 724 digna
559 680 655 712 83381
680 673 858 724 opinione
883 672 1020 719 vaetra,
1041 680 1249 724 nostroque

119 726 347 777 cognomine
365 727 395 774 !)
411 727 452 765 in
465 728 537 766 hoc
555 740 689 766 sumus
707 728 907 779 sapientes,
928 725 1031 778 quod
1050 734 1244 775 natmam,

119 780 310 832 optimam
327 781 480 829 ducem,
514 789 715 834 tamquam
734 781 881 831 Deum,
903 781 1114 833 sequimur,
1135 781 1248 833 eique

120 848 325 886 paremus:
362 850 385 874 a
417 835 508 888 qua,
541 848 620 874 non
650 836 854 875 verisimile
885 843 956 883 est,
986 848 1077 874 cum
1104 842 1249 874 caeterae

120 896 248 940 partes
267 890 387 929 aetatis
404 892 502 929 bene
522 890 719 942 descriptae
737 891 826 939 sint,
854 897 1072 930 extremum
1101 897 1246 937 actmn,

121 951 323 995 tamquam
348 945 396 983 ab
415 945 527 984 inerti
545 945 674 996 po'eta,
704 958 783 984 esse
805 944 1036 996 neglectum.
1084 944 1161 982 Sed
1189 952 1248 982 ta-

120 1010 212 1037 men
223 1011 372 1038 necesse
386 999 461 1038 fuit
476 1013 554 1038 esse
573 999 719 1051 aliquid
733 1008 966 1047 extremum,
979 1006 1030 1047 et,
1046 1006 1248 1050 tamquam

119 1052 163 1090 in
200 1054 381 1092 arborum
408 1054 545 1101 baccis,
580 1061 765 1105 terraeque
802 1053 992 1105 frugibus,
1024 1053 1247 1091 maturitate

120 1107 349 1159 tempestiva
373 1109 483 1159 quasi
512 1108 657 1147 vietum
687 1117 725 1147 et
749 1108 964 1146 caducum:
995 1107 1100 1159 quod
1124 1107 1248 1146 feren-

122 1160 220 1199 dum
239 1168 295 1200 oet
312 1162 479 1201 molliter
498 1162 671 1214 sapienti.
709 1162 819 1210 Quid
837 1162 941 1200 enim
960 1170 1016 1200 est
1037 1161 1158 1210 aliud,
1188 1161 1248 1213 gi-

119 1218 284 1267 gantum
313 1216 430 1256 modo
453 1217 597 1256 bellare
625 1229 716 1256 cum
752 1216 855 1266 Diis,
886 1216 960 1254 nisi
997 1223 1146 1254 naturae
1189 1229 1248 1255 re·

229 1283 305 1309 are.

119 1283 342 1363 puffzlius.
370 1325 512 1378 Atqui,
530 1326 640 1373 Cato,
657 1325 919 1378 gratissimum
929 1324 1040 1363 nobis
1054 1326 1116 1368 (ut
1131 1324 1247 1363 etiam

121 1391 192 1430 pro
212 1380 389 1431 Scipione
405 1381 602 1432 pollicear)
617 1381 762 1428 feceris,
779 1380 824 1427 si,
846 1379 1030 1432 quoniam
1050 1392 1248 1430 speramus

120 1434 318 1477 (volumus
337 1435 494 1486 quidem
513 1442 628 1482 certe)
657 1448 762 1474 senes
781 1435 876 1483 fieri,
896 1442 985 1473 ante
1008 1434 1134 1471 multo
1160 1447 1183 1472 a
1209 1442 1248 1472 te

120 1486 379 1536 didicerimus,
396 1490 537 1541 quibus
555 1490 736 1528 facillime
754 1488 994 1527 rationibus
982 1500 1248 1538 mgravoecen-

121 1548 202 1579 tem
221 1549 372 1581 aetatem
386 1543 483 1582 ferre
496 1544 697 1605 possimus.
731 1545 838 1582 Cato.
870 1543 1027 1581 Faciam
1038 1555 1140 1590 verO,
1157 1542 1247 1580 Lae-

121 1595 180 1641 li;
210 1596 420 1648 praesertim
439 1598 471 1635 31
488 1598 642 1650 utrique
669 1601 836 1636 vestrum
864 1600 926 1641 (ut
950 1596 1060 1644 dicis)
1090 1604 1246 1647 grauun

122 1649 301 1689 futurum
320 1658 386 1690 aet.
417 1653 561 1702 Scipio.
605 1652 799 1690 Volumus
818 1665 922 1700 sane,
947 1651 1022 1689 11131
1039 1651 1246 1689 molestum

123 1712 194 1753 aet,
219 1705 331 1754 Cato,
351 1713 553 1757 tamquam
572 1706 744 1758 aliquam
768 1706 872 1744 viam
889 1706 1046 1767 longam
1077 1705 1250 1744 confece-

120 1758 188 1808 ris,
209 1773 328 1822 quam
346 1760 456 1798 nobis
470 1774 625 1813 quoque
645 1760 940 1812 ingrediendum
958 1760 1021 1808 sit,
1035 1759 1148 1810 istuc,
1169 1772 1248 1812 quo

121 1814 341 1865 pervenisti,
362 1814 502 1864 videre,
523 1815 638 1866 quale
660 1815 720 1854 sit.

177 1868 262 1907 III.
295 1870 403 1908 Cato.
433 1869 603 1918 Faciam,
624 1877 669 1908 ut
686 1876 831 1921 potero,
852 1868 963 1908 Laeli.
1006 1869 1117 1920 Saepe
1142 1867 1247 1907 enim

121 1921 280 1962 interfui
308 1924 472 1975 querelis
499 1937 676 1962 meorum
705 1924 928 1976 aequalium,
961 1926 1086 1975 (pares
1115 1930 1247 1961 autem

121 1990 214 2016 cum
231 1977 402 2029 paribus,
425 1978 542 2017 veteri
563 1979 776 2030 proverbio,
803 1978 985 2017 facilh'me
1011 1990 1244 2028 congregan-

121 2038 203 2080 tur)
229 2046 317 2084 quae
349 2032 394 2071 C.
423 2033 627 2082 Salinator,
653 2047 741 2085 quae
767 2033 834 2085 Sp.
860 2032 1045 2081 Albinus,
1070 2032 1249 2070 homin&

122 2087 354 2135 consulam,
381 2087 500 2126 nostri
528 2087 607 2126 fere
632 2088 811 2140 aequales,
831 2087 1027 2139 deplorare
1045 2087 1245 2132 solebant3

122 2147 210 2179 tum
240 2141 346 2193 quod
369 2142 630 2194 voluptatibus
655 2149 838 2191 carerent,
859 2142 940 2181 sine
965 2142 1107 2194 quibus
1125 2140 1247 2179 vitam

123 2195 275 2234 nullam
302 2204 506 2248 putarent3
536 2204 622 2235 tum
649 2196 753 2249 quod
774 2204 1044 2248 >spernerentur
1071 2197 1120 2234 ab
1143 2195 1203 2241 iis,
1224 2208 1248 2233 a

122 2250 266 2302 quibus
283 2258 408 2292 essent
420 2251 494 2295 coli
512 2250 639 2294 soliti:
669 2252 738 2306 qui
754 2251 853 2294 mihi
869 2264 948 2294 non
965 2250 1007 2296 id
1021 2250 1248 2295 videbantur
