1470 2402
253 99 331 141 DE
358 99 783 149 DIVINATIONE,
801 100 1158 141 L113.1.c,ua.23.
1220 103 1269 142 19

135 207 262 259 Ejus
249 210 367 262 lgimr
380 212 521 251 somnii
538 225 563 251 a
580 211 857 263 conjectoribus
870 224 959 264 quae
977 211 1026 250 sit
1043 211 1269 263 interpreta-

134 263 189 303 tio
205 264 321 315 facta,
341 266 552 306 videamus.

193 342 223 363 “
241 341 346 392 Rex,
367 356 456 395 quae
479 343 521 382 in
548 343 627 382 vita
652 351 841 396 usurpant
866 342 1055 391 homines,
1081 342 1264 395 cogitant,

351 406 501 446 curant,
522 398 667 446 vident,

186 449 369 504 Quaeque
386 460 508 504 agunt
527 453 744 504 vigilantes,
765 452 1004 505 agitantque,
1025 464 1070 490 m
1091 451 1124 491 si
1143 452 1206 490 cui
1225 452 1265 490 in

349 519 484 546 somno
501 507 694 554 accidunt,

185 556 326 599 Minus
343 561 491 600 mirum
511 570 578 602 est.
610 562 700 609 Sed,
721 561 762 600 in
787 574 829 600 re
852 561 976 609 tanta,
996 560 1103 600 haud
1121 569 1264 600 temere

347 615 557 668 improviso
574 591 762 656 offenint:

184 667 304 707 Proin
337 669 438 718 vide,
473 683 536 720 ne,
571 684 689 724 quem
720 680 763 710 tu
793 683 873 710 οὓς
900 670 1078 710 hebetem
1104 670 1263 723 deputes

343 738 453 777 aeque
471 739 516 764 ac
533 739 664 788 pecuS,

181 776 222 815 Is
240 778 428 830 sapientia
447 781 647 820 munitum
666 788 799 833 pectus
818 780 1017 832 egregium
1037 788 1159 832 gerat,

177 831 317 884 Teque
350 847 469 886 regno
501 835 679 888 expellat.
726 836 834 874 Nam
867 835 922 884 id,
957 835 1063 887 quod
1095 835 1144 874 de
1180 836 1259 874 sole

339 897 533 928 ostentum
553 899 609 929 est
627 890 712 937 tibi,

174 940 327 993 Populo
346 946 692 984 commutationem
712 957 845 983 rerum
864 943 1059 996 portendit
1078 943 1158 983 fore

171 995 520 1050 Perpropinquam.
566 1000 664 1038 Haec
700 1001 800 1038 bene
836 1006 1063 1038 verruncent
1095 1000 1253 1052 populo.

337 1052 446 1092 Nam
467 1054 572 1107 quod
592 1054 640 1092 ad
660 1054 860 1092 dexteram

170 1104 300 1158 coepit
325 1119 484 1147 cursum
510 1110 559 1148 ab
584 1109 684 1148 laeva
711 1109 869 1161 signum
895 1109 1256 1161 praepotens3pu1-

336 1161 524 1203 cherrime

169 1214 427 1268 Auguratum
456 1226 526 1266 est,
559 1231 641 1258 rem
671 1218 896 1258 Romanam
923 1218 1123 1272 publioem
1149 1231 1255 1258 sum-

333 1283 442 1311 mam
462 1273 585 1313 fore.’'

166 1372 338 1414 XXIII.
358 1376 463 1429 Age,
478 1376 643 1417 nuncad
659 1384 816 1416 externa
831 1375 1044 1415 redeamus.
1075 1373 1249 1414 Matrem

109 1427 328 1469 Phalaridis
340 1432 471 1470 scribit
485 1433 671 1472 Ponticus
687 1430 925 1478 Heraclides,
940 1431 1075 1469 doctus
1091 1431 1163 1477 vir,
1181 1444 1250 1469 au-

109 1482 211 1522 ditor
230 1492 268 1523 et
286 1484 407 1539 discip
409 1487 498 1526 ulus
512 1487 700 1535 Platonis,
715 1487 838 1525 visam
853 1499 933 1524 aese
947 1485 1103 1524 videre
1092 1498 1133 1523 m
1149 1498 1252 1524 som·

110 1537 171 1577 nis
189 1500 407 1580 simulacri)
415 1541 607 1589 Deorum,
627 1555 716 1594 quae
734 1542 816 1593 ipse
836 1540 1014 1579 Phalaris
1031 1539 1139 1578 domi
1158 1552 1250 1578 con-

110 1594 357 1634 sectavissetz
387 1609 436 1636 ex
448 1596 510 1636 his
521 1596 765 1636 Mercurium
778 1609 799 1635 e
811 1596 959 1648 patera,
973 1607 1093 1647 quam
1112 1594 1251 1633 dextra

111 1659 235 1687 manu
262 1656 423 1699 teneret,
450 1651 680 1714 sanguinem
707 1651 834 1690 visum
861 1663 941 1689 esse
963 1649 1153 1695 fundere3
1182 1649 1251 1702 qui

110 1714 203 1741 cum
230 1710 373 1744 terram
398 1707 600 1769 attigisset,
626 1705 873 1746 refervescere
899 1704 1092 1744 videretur
1118 1704 1184 1750 sic,
1205 1711 1251 1742 ut

111 1762 192 1795 tota
209 1756 349 1798 domus
368 1762 556 1813 sanguine
573 1761 816 1801 redundaret.
855 1759 977 1808 Quod
994 1757 1128 1797 matris
1147 1771 1251 1798 som-

111 1810 223 1850 nium
237 1812 420 1854 immanis
433 1816 505 1855 filii
515 1816 721 1856 crudelitas
734 1814 1008 1867 comprobavit.
1036 1812 1147 1863 Quid
1158 1826 1247 1866 ego,

108 1868 1092 1986 szffssassrfhsshmffifflpffiffi
1102 1867 1248 1962 ῖὲὲῑ

110 1975 1247 2041 mtidsoladpedesvisuseoeentereumfficribinfius-

27 2081 36 2085 .
110 2036 172 2069 αθ
189 2033 418 2085 ⁸PP⁸fiviaee
443 2035 639 2084 manibus,
659 2048 751 2075 cum
770 2048 811 2074 se
835 2034 1064 2074 convolvens
1087 2032 1145 2072 sol
1169 2033 1248 2072 ela-

108 2085 277 2138 beretur,
290 2096 329 2127 et
347 2089 494 2130 abiret.
525 2090 560 2130 ei
578 2091 723 2144 Magos
741 2089 883 2129 dixisse
901 2087 1026 2142 (quod
1042 2099 1165 2140 gemus
1182 2100 1243 2127 sa-

109 2139 288 2204 piatum
306 2151 344 2183 et
357 2144 559 2185 doctorum
577 2145 815 2185 habebatur
804 2158 846 2184 m
860 2144 1020 2192 Persis),
1035 2156 1086 2182 ex
1104 2142 1244 2194 triplici

110 2195 349 2251 appefitione
375 2199 480 2252 solis,
508 2201 638 2242 XXX
665 2213 786 2241 annos
813 2199 964 2252 Cyrum
991 2204 1242 2252 regnaturum
