1470 2402
428 101 800 142 PARADOXON
832 102 865 141 Ι.
1146 105 1224 143 403

88 212 229 254 mentis
246 211 443 274 adhibitis3
463 211 599 252 dicere.
628 211 717 263 Ego
737 224 826 251 vero
845 211 942 250 illa
931 225 1029 264 ipsa,
1051 224 1140 264 quae
1158 213 1225 252 vix

90 267 132 306 in
145 267 356 320 gymnasiis
375 274 412 305 et
430 267 472 305 in
491 267 568 306 otio
588 267 707 306 Stoici
725 267 904 327 probant,
924 266 1061 305 ludens
1081 268 1226 317 conjeci

89 322 133 361 in
165 334 389 361 communes
421 321 548 360 locos·
537 350 549 367 ‚
591 334 679 373 quae
710 320 820 372 (quia
849 327 939 358 sunt
969 321 1226 370 admirabilia,

91 383 300 427 contraque
319 375 539 427 opinionem
564 375 758 422 omnium)
779 374 857 413 ab'
846 375 939 426 ipsis
958 375 1074 413 etiam
1103 382 1230 426 Παρα-

93 429 177 481 &oga
196 430 452 482 appellantur.
472 430 642 469 Tentare
653 430 773 491 volui,
787 436 990 480 possentne
1010 429 1195 481 proferri
1185 443 1227 468 111

91 484 234 533 11133111,
255 484 296 522 id
314 491 384 531 est,
411 483 452 521 in
471 484 615 533 forum,
644 492 680 522 et
698 484 753 522 ita
771 483 861 531 dici,
882 492 926 522 ut
944 486 1223 545 probarenturr.

92 551 144 577 an
162 539 239 576 alia
263 538 442 599 quaedam
468 547 563 577 esset
583 538 746 586 erudita,
767 538 843 576 3113
861 539 1057 589 popularis
1077 539 1222 577 oratio:

94 606 217 644 eoque
232 592 364 645 scripsi
377 593 573 639 libentius,
591 592 695 644 quod
709 592 807 630 mihi
825 592 910 640 ista,
933 593 1069 643 παραὸο
1056 594 1119 636 οὲα
1140 607 1229 645 quae

93 647 306 699 appellant,
327 647 498 685 maxime
517 647 695 686 videntur
715 660 793 685 esse
812 646 1016 694 Socratica,
1037 647 1229 699 longeque

95 701 306 740 verissima.
346 701 527 764 Accipies
552 702 670 752 igitur
694 701 766 740 hoc
791 714 955 752 parvum
981 702 1228 752 opusculum,

93 755 343 794 lucubratum
370 755 430 794 his
456 757 540 806 jam
567 756 879 794 contractioribus
908 755 1084 793 noctibus
1116 759 1230 808 (quo-

95 809 203 848 niam
231 809 332 847 illud
361 810 555 871 majorum
585 810 805 861 vigiliarum
830 822 975 847 munus
1001 810 1042 847 in
1067 817 1134 848 tuo
1161 823 1230 849 no-

94 864 201 903 mine
220 864 442 915 apparuit)·
431 893 443 911 ‚
475 872 512 902 et
527 864 745 915 degustabis
765 876 886 915 genus
904 864 977 902 hoc
993 864 1231 903 exercitatio-

96 930 194 957 num
221 931 368 979 earum,
401 919 542 970 quibus
561 919 620 956 uti
639 931 831 965 consuevi,
859 931 948 955 cum
980 931 1037 965 ea,
1066 932 1153 969 quae
1172 919 1232 957 di-

96 979 239 1012 cuntur
256 972 298 1011 in
317 973 454 1011 scholis
479 980 633 1018 Θετικα,
660 972 709 1010 ad
734 980 908 1010 nostrum
930 972 1004 1010 hoc
1023 973 1232 1012 oratorium

96 1027 282 1065 transfero
300 1027 451 1065 dicendi
477 1039 611 1078 genus.
654 1026 743 1065 Hoc
768 1034 847 1064 tam
851 1039 898 1064 en
924 1039 1021 1077 opus
1039 1027 1080 1064 in
1099 1040 1231 1079 accep-

96 1088 184 1120 tum
202 1088 248 1119 ut
265 1081 417 1129 referas,
437 1081 536 1119 nihil
553 1081 730 1132 postulo:
762 1093 839 1119 non
867 1087 922 1118 est
947 1080 1051 1118 enim
1075 1082 1165 1130 tale,
1187 1090 1231 1120 ut

95 1135 138 1174 in
156 1149 241 1174 arce
257 1135 351 1187 poni
368 1135 500 1187 possit,
533 1135 643 1187 quasi
668 1135 736 1173 illa
754 1135 935 1173 Minerva
955 1135 1134 1183 Phidiae;
1164 1136 1232 1176 sed

96 1196 242 1241 tamen,
262 1197 306 1229 ut
326 1203 374 1229 ex
393 1190 528 1229 eadem
547 1189 700 1229 officina
719 1192 842 1228 exisse
861 1196 1054 1242 appareat.

491 1366 780 1395 PARADOXON
812 1367 843 1393 Ι.

207 1465 292 1503 Ὀτι
311 1480 411 1514 μονον
433 1466 563 1512 αγαῖῒον
584 1480 626 1503 το
647 1472 773 1502 mom.

208 1519 328 1568 Quod
345 1520 552 1558 honestum
571 1518 633 1568 sit,
657 1519 700 1557 id
718 1519 844 1557 solum
862 1520 1011 1558 bonum
1031 1530 1122 1557 esse.

154 1627 190 1666 1.
210 1627 371 1675 Vereor,
388 1641 437 1667 ne
451 1628 514 1667 cui
532 1629 715 1677 vestrum,
732 1642 780 1667 311
796 1629 1013 1667 Stoicorum
1028 1627 1234 1665 hominum

98 1682 436 1734 disputationibus,
457 1695 536 1721 non
551 1696 599 1721 ex
613 1696 700 1721 meo
715 1696 841 1731 sensu,
862 1683 1063 1734 depromta
1079 1682 1163 1719 haec
1179 1680 1235 1719 vi-

99 1737 236 1775 deatur
254 1737 397 1775 oratio:
429 1737 556 1776 dicam
574 1744 718 1786 tamen,
740 1738 844 1789 quod
868 1737 1014 1783 531111ος
1046 1743 1083 1774 31
1110 1735 1237 1773 (1133111

99 1792 268 1841 brevius,
289 1804 409 1844 quam
433 1805 492 1830 res
511 1798 619 1830 tanta
637 1791 713 1830 dici
736 1791 869 1853 poscit.
900 1792 1134 1842 Nunquam,
1154 1802 1237 1827 me-

99 1845 271 1937 hercule,
303 1859 373 1898 ego
402 1858 528 1898 neque
556 1846 738 1897 pecunias
770 1846 946 1907 istorum,
980 1857 1107 1896 neque
1140 1850 1239 1882 tecta

101 1899 321 1951 magnifica,
353 1913 479 1952 neque
509 1913 613 1952 opes,
645 1913 771 1952 neque
800 1900 977 1952 imperia,
1004 1912 1131 1960 neque
1157 1911 1234 1945 eas,

101 1954 246 2005 quibus
274 1954 447 1993 maxime
477 1954 647 1993 adstricti
673 1962 776 2002 sunt,
804 1955 1033 2015 xoluptates,
1059 1954 1101 1991 in
1125 1952 1238 1991 bonis

100 2009 216 2046 rebus
245 2015 314 2046 aut
339 2009 561 2060 expetendis
586 2022 667 2047 esse
691 2009 812 2047 duxi:
844 2009 988 2060 quippe
1014 2020 1105 2046 cum
1130 2007 1237 2046 vide-

100 2074 199 2111 rem,
219 2064 333 2101 rebus
351 2063 411 2101 his
430 2063 798 2109 circumfluentibus,
820 2076 865 2101 ea
878 2071 1009 2101 tamen
1025 2061 1238 2100 desiderare

102 2117 289 2167 maxime,
316 2117 458 2169 quibus
477 2117 729 2156 abundarent.
777 2118 920 2169 Neque
939 2117 1043 2156 enim
1062 2116 1240 2167 expletur

102 2183 293 2223 unquam,
313 2184 383 2210 nec
401 2170 575 2222 satiatur,
591 2172 812 2224 cupiditatis
826 2171 932 2211 sitis:
954 2184 1080 2224 neque
1095 2171 1238 2217 solum,

100 2237 146 2264 ea
159 2225 228 2278 qui
245 2225 405 2277 habent,
424 2226 586 2266 libidine
605 2227 774 2279 augendi
788 2226 1026 2275 cruciantur,
1042 2225 1108 2265 sed
1124 2224 1240 2264 etiam
