1470 2402
257 107 310 152 74
361 104 439 145 DE
458 104 871 157 DIVINATIONE,
891 105 990 146 1113.
1007 105 1066 146 11.
1085 105 1191 146 CAP.
1203 106 1269 152 27.

256 213 382 252 lorum
400 213 693 265 gallinaceorum
711 221 838 263 cantu,
853 213 1047 252 victoriam
1061 226 1139 252 esse
1156 213 1363 252 Thebano-

254 279 357 314 rum,
385 268 475 328 quia
503 269 595 319 galli
623 269 711 306 victi
739 269 844 306 silere
872 268 1005 315 solent,
1033 280 1164 306 canere
1189 267 1359 305 victores.

254 320 371 358 Hoc
360 322 476 371 igitur
492 335 559 372 per
577 322 735 372 gallinas
753 321 907 382 Jupiter
920 328 1034 359 tantae
1052 320 1193 359 civitati
1206 320 1358 370 signum

253 373 400 412 113113ῐὲ
438 375 508 412 An
526 375 602 412 illae
621 388 719 423 aves,
739 375 811 412 nisi
836 387 924 413 cum
943 374 1112 422 vicerint,
1132 386 1262 412 canere
1280 384 1358 410 non

253 428 407 466 solent?
448 429 507 466 At
531 436 615 466 tum
641 430 838 475 canebant,
858 440 927 466 nec
952 427 1126 466 vicerant.
1180 427 1229 465 Id
1253 426 1357 464 enim

253 488 324 528 est,
337 481 498 532 inquies,
519 489 721 520 ostentum.
751 481 945 531 Magnum
963 493 1051 519 vero
1067 494 1079 527 ;
1100 481 1208 532 quasi
1225 479 1358 531 pisces,

251 545 331 572 non
349 535 454 585 galli,
469 535 678 573 cecinerint.
719 534 836 582 Quod
860 542 988 572 autem
1014 542 1069 572 est
1092 542 1256 585 tempus,
1282 545 1362 584 quo

249 587 307 624 illi
325 600 401 625 non
416 595 579 633 cantent,
595 589 656 626 vel
670 596 912 632 nocturnum..
928 588 988 625 vel
1001 587 1209 625 diurnum?
1239 585 1357 634 Quod

250 641 283 679 si
307 642 463 679 victores
491 641 679 679 alacritate
707 648 744 679 et
770 641 878 692 quasi
906 641 1038 678 laetitia
1067 640 1116 678 ad
1143 640 1356 678 canendum

250 694 487 740 excitantur,
517 695 641 745 potuit
659 694 832 732 accidisse
851 694 924 731 alia
942 707 1094 745 quoque
1115 693 1258 741 laetitia,
1270 693 1358 754 'qua

249 747 299 785 ad
318 755 471 785 cantum
491 755 742 786 moverentur.
771 747 1012 785 Democritus
1030 747 1185 798 quidem
1203 746 1357 798 optimis

249 801 373 839 verbis
393 814 545 839 causam
564 801 740 852 explicat,
761 814 827 838 cur
851 808 938 838 ante
954 801 1079 838 lucem
1097 801 1189 851 galli
1207 806 1356 838 canant.

249 853 424 905 Depulso
443 855 544 892 enim
563 854 609 892 de
633 862 794 906 pectore,
816 861 853 891 et
876 854 917 891 in
942 866 1055 892 omne
1079 866 1213 904 corpus
1238 853 1358 892 diviso

249 915 288 946 et
306 908 501 946 mitificato
520 908 617 955 cibo,
638 916 769 946 cantus
791 907 913 953 edere,
934 908 1060 959 quiete
1085 907 1260 953 satiatos'3
1288 906 1358 958 qui

249 961 420 1012 quidem,
441 961 588 999 silentio
606 962 739 1008 noctis,
761 964 821 1004 (ut
836 960 888 998 ait
901 961 1068 1008 Ennius)
1089 963 1117 983 ‘⁶
1130 960 1258 998 favent
1271 960 1357 999 fau-

249 1015 356 1053 cibus
380 1015 494 1052 russis
520 1022 647 1062 cantu,
671 1015 883 1066 plausuque
901 1021 1080 1065 premunt
1097 1014 1214 1052 alas.'’
1254 1014 1357 1052 Cum

250 1068 366 1118 igitur
384 1066 455 1106 hoc
473 1069 615 1106 animal
634 1075 712 1106 tam
732 1068 779 1105 sit
797 1080 976 1105 canorum
1002 1069 1071 1106 sua
1095 1074 1240 1119 sponte,
1265 1067 1359 1119 quid

250 1121 291 1159 in
310 1129 477 1160 mentem
495 1122 599 1159 venit
616 1121 838 1160 Callistheni
862 1120 997 1168 dicere,
1024 1121 1126 1159 Deos
1151 1121 1261 1171 gallis
1283 1121 1359 1172 sig-

250 1187 348 1212 num
373 1174 516 1213 dedisse
542 1175 730 1223 cantandi,
751 1187 839 1213 cum
863 1174 904 1212 id
927 1175 988 1213 vel
1011 1182 1147 1213 natura
1167 1175 1228 1212 vel
1251 1187 1360 1214 casus

251 1228 395 1267 efficere
413 1228 594 1278 potuisset
607 1231 624 1266 Ρ

304 1281 489 1320 XXVII.
523 1281 755 1332 Sanguinem
784 1280 938 1332 pluisse,
965 1280 1111 1319 senatui
1136 1281 1357 1320 nuntiatum

251 1341 333 1381 est,
322 1349 332 1359 ·
358 1342 523 1372 atratum
542 1335 656 1373 etiam
675 1335 836 1373 fluvium
855 1335 1007 1373 fluxisse
1026 1335 1229 1385 sanguine,
1218 1349 1228 1358 ·
1253 1335 1358 1373 Deo-

250 1401 340 1427 rum
354 1388 506 1427 sudasse
520 1389 731 1427 simulacra.
758 1389 869 1427 Num
884 1401 1008 1426 censes
1021 1388 1080 1426 his
1094 1388 1236 1426 nuntiis
1250 1388 1359 1427 Tha-

251 1443 330 1480 lem
362 1450 429 1480 aut
458 1442 747 1493 Anaxagoram,
782 1450 848 1480 aut
878 1454 1110 1503 quemquam
1140 1441 1356 1493 physicum,

252 1495 484 1534 crediturum
512 1496 656 1534 fuisse?
698 1496 781 1534 Nee
812 1496 913 1534 enim
941 1495 1106 1546 sanguis,
1133 1508 1202 1533 nec
1228 1496 1357 1544 sudor,

251 1549 326 1587 11151
353 1562 373 1587 6
400 1562 552 1610 corpore
578 1557 655 1587 est.
691 1549 755 1587 sed
783 1559 819 1587 et
843 1549 1065 1587 decoloratio
1092 1549 1281 1600 quaedam,
1309 1562 1358 1588 ex

251 1602 383 1653 aliqua
401 1603 621 1654 contagione
646 1603 806 1649 terrena,
825 1602 994 1640 maxime
1017 1609 1139 1654 potest
1163 1603 1358 1654 sanguinis

251 1656 385 1694 similis
404 1669 505 1701 esse3
536 1664 573 1694 et
595 1656 747 1703 humor,
775 1657 940 1707 allapsus
965 1656 1206 1718 extrinsecus,
1231 1660 1292 1699 (ut
1315 1657 1357 1694 in

250 1710 414 1747 tectoriis
437 1685 609 1748 videmus
637 1710 799 1756 Austro)
826 1710 1000 1748 sudorem
1029 1709 1181 1747 imitari.
1222 1710 1358 1761 Atque

251 1762 368 1801 haec
357 1776 398 1801 111
423 1764 523 1801 bello
548 1763 660 1814 plura
684 1770 721 1801 et
744 1765 890 1813 majora
914 1763 1088 1801 videntur
1107 1763 1329 1801 timentibus
1342 1778 1355 1801 ε

250 1817 385 1854 eadem
410 1829 486 1855 non
509 1823 588 1854 tam
613 1817 966 1855 animadvertuntur
989 1817 1029 1854 in
1053 1829 1157 1868 pace.
1196 1816 1358 1855 Accedit

250 1869 349 1907 illud
378 1870 507 1916 etiam,
542 1870 658 1922 quod,
692 1871 733 1907 in
759 1878 865 1908 metu
893 1877 930 1908 et
955 1870 1134 1921 periculo,
1163 1882 1253 1909 cum
1279 1883 1358 1910 cre-

251 1922 396 1961 duntur
414 1924 574 1971 facilius,
594 1931 678 1961 tum
696 1924 893 1974 finguntur
911 1924 1118 1975 impunius.

306 1977 390 2015 Nos
419 1985 547 2015 autem
576 1977 629 2014 ita
654 1977 754 2015 leves
781 1985 895 2029 atque
921 1976 1184 2016 inconsiderati
1210 1990 1358 2026 sumus,

251 2037 311 2078 ut,
345 2030 376 2068 si
402 2043 529 2069 mures
556 2031 776 2068 corroserint
803 2031 948 2082 aliquid
975 2034 1156 2082 (quorum
1183 2039 1238 2069 oet
1264 2044 1361 2082 opus

248 2083 322 2123 hoc
339 2091 493 2132 unum),
513 2090 726 2122 monstrum
742 2092 922 2136 putemus
935 2086 953 2123 ?
987 2085 1094 2123 Ante
1117 2097 1205 2123 vero
1218 2084 1362 2123 Marsi-

249 2149 339 2175 cum
357 2137 516 2187 bellum,
537 2137 640 2189 quod
658 2138 807 2190 clypeos
827 2138 993 2177 Lanuvii
1011 2141 1072 2182 (ut
1089 2151 1112 2177 a
1135 2146 1174 2177 te
1198 2145 1253 2177 est
1277 2138 1357 2177 dic-

249 2197 350 2241 tum)
375 2203 501 2232 mures
526 2191 714 2241 rosissent,
737 2191 953 2233 maximum
977 2191 1017 2231 id
1041 2198 1259 2244 portentum
1284 2191 1354 2232 ha-
