1470 2402
324 128 403 169 DE
432 128 792 178 SENECTUTE,
822 129 928 169 cn.
955 130 1015 169 13.
1153 130 1233 170 349

165 236 293 276 XIII.
318 238 428 290 Saepe
446 237 575 277 audivi
595 251 617 277 a
633 239 844 289 majoribus
862 246 970 285 natu,
987 238 1056 291 qui
1069 251 1109 278 se
1122 250 1236 290 porro

110 303 250 343 pueros
279 306 302 330 a
331 293 484 331 senibus
516 294 667 332 audisse
698 293 887 340 dicebant,
918 294 1049 331 mirari
1081 294 1236 332 solitum

114 345 160 384 C.
182 346 418 394 Fabricium,
440 347 557 398 quod,
579 360 667 385 cum
694 347 797 399 apud
815 360 942 398 regem
965 348 1160 399 Pyrrhum
1179 347 1234 385 le-

111 407 226 450 gatus
251 410 360 446 esset,
387 401 555 439 audisset
582 415 604 439 a
628 402 813 440 Thessalo
833 402 967 449 Cinea,
995 415 1074 440 esse
1099 414 1235 453 quem-

112 453 202 491 dam
223 455 404 501 Athenis,
422 455 490 507 qui
505 469 544 493 se
559 456 767 506 sapientem
782 456 1041 508 profiteretur3
1067 468 1234 508 eumque

111 507 249 555 dicere,
279 508 423 555 omnia,
449 523 536 560 quae
563 509 788 558 faceremus,
817 511 866 548 ad
891 511 1126 562 voluptatem
1155 523 1234 548 esse

111 562 307 600 referenda
321 578 332 600 ε
361 563 465 615 quod
484 577 531 601 ex
551 577 594 602 eo
613 564 822 610 audientes,
844 565 906 602 Μ’
928 565 1091 603 Curium
1111 572 1148 602 et
1167 565 1231 602 Ti.

114 615 402 655 Coruncanium
417 626 547 668 optare
562 618 704 665 solitos,
720 627 764 657 ut
778 619 817 656 id
833 619 1070 657 Samnitibus
1084 619 1234 670 ipsique

112 669 264 721 Pyrrho
296 672 615 723 persuaderetur3
655 686 733 723 quo
760 673 910 712 facilius
939 674 1039 711 vinci
1065 681 1234 725 possent,

74 772 76 774 Ι
112 736 203 762 cum
229 738 268 763 se
293 726 554 777 voluptatibus
580 726 782 765 dedissent.
823 727 986 766 Vixerat
1010 727 1072 765 Μ’
1093 728 1235 767 Curius

112 791 203 816 cum
216 780 261 816 P.
278 779 412 820 Decio.
430 780 512 831 qui,
534 780 798 832 quinquennio
812 790 900 819 ante
919 794 1007 820 eum
1023 782 1233 829 consulem,

113 845 152 870 se
171 846 240 884 pro
258 835 468 885 republica,
485 843 621 886 quarto
636 836 849 882 consulatu,
866 836 1077 874 devoverat.
1108 836 1236 874 Norat

114 887 295 926 eumdem
322 888 544 933 Fabricius;
576 891 687 927 notat
713 889 1002 935 Coruncaniu53
1035 891 1117 941 qui,
1145 903 1235 929 cum

114 954 162 978 ex
181 942 251 979 sua
270 942 363 990 vita,
384 951 470 980 tum
489 956 537 980 ex
556 944 651 992 ejus,
673 956 790 994 quem
809 944 907 991 dico,
930 944 975 982 P.
990 944 1100 982 Decii
1119 944 1234 991 facto,

109 995 351 1044 judicabant,
383 1010 462 1035 esse
489 997 657 1047 profecto
689 998 837 1049 aliquid
864 998 1001 1036 natura
1028 999 1236 1050 pulchrum

112 1056 230 1100 atque
254 1051 495 1102 praeclarum,
517 1051 621 1102 quod
640 1052 710 1089 sua
736 1060 869 1103 sponte
890 1060 1093 1104 peteretur,
1114 1052 1238 1104 quod-

114 1116 204 1154 que,
225 1105 351 1156 spreta
370 1112 407 1143 et
433 1106 624 1144 contemta
643 1106 852 1158 voluptate,
880 1106 1049 1159 optimus
1074 1107 1238 1159 quisque

113 1166 344 1209 sequeretur.
583 1173 586 1175 “

169 1212 368 1260 Quorsum
397 1212 515 1264 igitur
544 1222 625 1252 tam
654 1215 779 1253 multa
808 1215 855 1254 de
883 1216 1109 1267 voluptate?
1145 1215 1238 1267 quia

113 1278 193 1304 non
211 1267 327 1305 modo
345 1267 574 1318 vituperatio
600 1270 722 1316 nulla,
743 1269 808 1307 sed
833 1270 948 1308 etiam
975 1283 1127 1308 summa
1151 1271 1237 1308 laus

114 1321 317 1359 senectutis
336 1331 404 1369 est,
426 1323 530 1373 quod
556 1336 600 1360 ea
621 1323 835 1374 voluptates
860 1325 986 1362 nullas
1006 1337 1238 1376 magnopere

116 1374 313 1413 desiderat.
345 1375 460 1414 Caret
478 1377 614 1428 epulis,
636 1378 914 1429 exstructisque
931 1379 1087 1425 mensis,
1108 1387 1145 1416 et
1163 1378 1239 1417 fie-

116 1430 323 1481 quentibus
350 1430 528 1480 poculis?
568 1440 668 1470 caret
695 1445 783 1483 ergo
809 1433 925 1470 etiam
950 1433 1172 1480 vinolentia,
1202 1440 1240 1471 et

117 1483 316 1531 cruditate,
338 1491 374 1522 et
391 1485 602 1523 insomniis.
644 1486 786 1533 Sed,-si
812 1486 959 1538 aliquid
984 1486 1156 1524 dandum
1183 1494 1239 1525 est

117 1537 320 1589 voluptati,
341 1539 525 1589 quoniam
545 1540 628 1588 ejus
646 1540 843 1578 blanditiis
862 1553 939 1578 non
961 1540 1072 1579 facile
1090 1540 1240 1579 obsisti-

116 1604 218 1637 mus,
240 1591 383 1634 (divine
402 1593 506 1630 enim
524 1593 636 1631 Plato
655 1606 780 1631 aecam
798 1594 990 1632 malorum
1003 1596 1240 1646 voluptatem

117 1646 300 1697 appellat,
331 1646 437 1696 quod
465 1647 510 1684 e‘Ja
543 1647 716 1685 videlicet
747 1647 922 1686 homines
955 1649 1166 1699 capiantur,
1195 1656 1242 1686 ut

116 1699 237 1744 hamo*
257 1699 392 1750 pisces)
417 1713 656 1751 quamquam
681 1701 943 1740 immoderatis
968 1702 1091 1754 epulis
1117 1710 1242 1741 careat

118 1761 303 1798 senectus,
335 1753 493 1792 modicis
525 1763 655 1793 tamen
687 1755 868 1794 conviviis
900 1756 1079 1795 delectari
1105 1764 1242 1808 potest.

119 1809 165 1848 C.
186 1807 397 1854 Duillium,
425 1808 488 1846 M.
509 1808 557 1846 F.
577 1809 646 1860 qui
671 1809 809 1848 Poenos
835 1810 952 1849 classe
970 1811 1119 1861 primus
1137 1811 1243 1849 devi-

119 1870 234 1910 cerat,
254 1862 478 1900 redeuntem
497 1875 520 1900 a
538 1863 643 1901 coena
663 1876 792 1902 senem
811 1877 910 1915 saepe
929 1864 1106 1903 videbam
1124 1878 1241 1916 puer;

118 1917 378 1956 delectabatur
415 1917 544 1955 crebro
580 1916 717 1965 funali,
757 1924 794 1956 et
830 1918 998 1966 tibicine,
1032 1932 1120 1970 quae
1155 1919 1242 1968 sibi,

119 1972 230 2010 nullo
255 1971 447 2022 exemplo,
467 1970 639 2022 privatus
664 1979 873 2011 sumserat:
904 1980 1057 2012 tantum
1080 1972 1246 2012 licentiae

119 2026 237 2064 dabat
254 2025 387 2076 gloria.

177 2079 253 2118 Sed
280 2078 374 2130 quid
402 2092 472 2130 ego
499 2079 624 2118 alios?
658 2080 708 2118 ad
733 2080 925 2133 meipsum
951 2082 1035 2131 jam
1061 2088 1242 2120 revertar.

123 2133 304 2172 Primum
325 2133 446 2171 habui
473 2147 623 2185 semper
650 2134 818 2173 sodales:
855 2135 1070 2174 sodalitates
1096 2144 1242 2184 autem,

123 2200 188 2227 me
207 2194 406 2239 quastore,
434 2188 649 2228 constitutae
673 2197 778 2241 sunt,
804 2189 918 2229 sacris
944 2189 1059 2230 Idaeis
1082 2189 1245 2242 Magna

177 2243 366 2288 (Philos.)
386 2253 492 2281 vo1..
515 2254 578 2281 IV.
836 2246 863 2282 2
882 2255 917 2283 n
