1470 2402
170 96 253 137 320
326 102 405 142 DE
435 105 699 156 OFFICIIS,
720 105 823 145 Lm.
844 103 928 144 111.
949 104 1056 154 ΟᾼΡ.
1075 105 1148 148 2³,

174 208 336 262 ciorum,
368 215 463 255 utile
493 229 572 255 esse
601 215 735 254 odium
765 222 803 254 et
823 213 1019 254 infamia?
1065 212 1157 265 Ego
1182 211 1303 251 etim

177 276 268 302 cum
298 268 444 308 Catone
469 284 556 309 meo
575 284 675 322 saepe
701 269 871 308 dissensi.
918 267 1051 307 Nimis
1076 267 1177 306 mihi
1201 279 1303 318 prae-

177 317 296 360 fracte
333 323 531 363 videbatur
568 325 744 363 aerarium
780 323 1055 375 vectigaliaque
1084 320 1305 368 defendere,

179 376 311 414 omnia
328 379 542 429 publicanis
566 391 719 430 negare,
739 379 866 417 multa
887 377 995 416 sociis
1010 391 1024 424 ς
1065 388 1156 415 cum
1173 375 1215 414 in
1232 374 1306 412 hos

179 427 339 469 benefici
359 446 437 472 esse
455 433 704 479 deberemus3
735 446 825 472 cum
847 432 923 470 inis
943 431 995 470 sic
1013 443 1139 482 agere,
1154 437 1201 468 ut
1213 441 1307 468 cum

180 482 322 523 colonis
344 488 480 526 nostris
499 489 665 526 solemus
681 501 694 533 ;
724 500 845 539 eoque
862 486 1000 538 magIS,
1025 497 1102 538 quo
1117 484 1186 522 illa
1203 481 1305 522 ordi-

180 548 278 577 num
311 542 528 591 conjunctio
560 542 609 580 ad
636 543 799 581 salutem
829 541 1049 592 reipublieae
1077 538 1306 591 pertinebat.

180 590 293 632 Male
325 595 440 634 etiam
470 596 602 645 Curio,
631 609 721 635 cum
751 608 906 635 causam
936 593 1307 646 Transpadanorum

181 659 334 699 aequam
349 663 428 689 esse
447 651 620 690 dicebat:
651 663 801 702 semper
819 658 950 688 autem
968 648 1147 695 addebat,
1162 649 1191 669 “
1205 645 1308 685 Vin-

182 709 242 740 cat
261 703 447 743 utilitas.'’
478 706 613 744 Potius
638 705 792 754 diceret,
812 717 890 743 non
909 716 989 742 esse
1016 714 1185 755 aequam,
1215 699 1310 752 quia

182 768 261 795 non
288 767 383 797 esset
410 760 515 798 utilis
542 760 775 811 reipublicae,
805 771 939 811 quam,
965 770 1057 796 cum
1074 756 1211 795 utilem
1229 766 1312 794 esse

183 810 337 858 diceret,
358 826 435 853 non
455 828 534 853 esse
553 827 704 866 aequam
723 814 918 852 fateretur.

246 866 417 906 XXIII.
448 869 593 908 Plenus
612 877 669 907 est
687 876 817 907 sextus
834 867 931 906 liber
953 865 1002 905 de
1023 865 1156 905 officiis
1182 863 1314 903 Heca-

183 921 283 959 tonis
302 922 439 961 talium
459 924 741 975 quaestionum:
773 923 880 961 Sitne
898 921 992 960 boni
1015 920 1102 968 viri,
1125 919 1166 957 in
1184 917 1313 957 maxi·

183 975 251 1013 ma
265 976 419 1016 caritate
438 991 613 1024 annonae,
635 977 824 1016 familiam
843 988 919 1015 non
939 975 1039 1014 alere
1052 977 1070 1013 ⁰?
1101 974 1150 1012 In
1164 980 1314 1011 utram-

185 1043 262 1082 que
280 1039 429 1081 partem
447 1032 644 1084 disputat,
675 1032 740 1070 sed
755 1040 899 1079 tamen,
915 1030 964 1068 ad
983 1037 1215 1074 extremum,
1234 1026 1314 1065 uti-

183 1084 291 1124 litate
310 1094 422 1136 putat
440 1087 609 1125 officium
629 1086 742 1138 dirigi
756 1086 893 1137 magiS,
915 1096 1034 1136 quam
1056 1082 1312 1121 humanitate.

185 1138 351 1186 Quaerit,
372 1141 414 1179 Si
439 1141 479 1178 in
498 1141 597 1179 mari
611 1142 761 1190 jactura
779 1139 953 1178 facienda
971 1139 1032 1184 sit,
1060 1136 1199 1189 equine
1226 1148 1316 1187 pre-

186 1193 273 1232 tiosi
284 1194 411 1245 potius
426 1196 617 1245 jacturam
636 1195 763 1241 faciat,
780 1207 829 1232 an
845 1193 984 1232 servuli
998 1191 1083 1230 vilis
1098 1194 1115 1230 ?
1145 1191 1227 1229 Hic
1238 1189 1314 1228 alio

187 1260 246 1286 τω
274 1247 488 1297 famiiiaris,
509 1250 584 1288 alio
603 1249 708 1287 ducit
724 1248 957 1286 humanitas.
999 1246 1040 1285 Si
1066 1245 1242 1284 tabulam
1266 1243 1316 1282 de

186 1301 390 1353 naufragio
418 1305 557 1342 stultus
587 1303 802 1354 arripuerit,
824 1300 1114 1353 extorquebitne
1139 1312 1226 1338 eam
1255 1311 1315 1336 sa-

185 1357 309 1408 piens,
330 1358 362 1395 si
380 1358 547 1410 potuerit
563 1360 581 1396 ‚⁹
611 1358 756 1408 Negat,
770 1357 862 1408 quia
876 1355 924 1395 sit
942 1354 1142 1404 injurium.
1173 1352 1282 1402 Quid
1295 1354 1314 1390 Ρ

188 1410 371 1451 dominus
387 1413 509 1459 navis,
526 1412 708 1464 eripietne
722 1424 836 1450 suum
850 1413 868 1450 ἓ
898 1409 1068 1448 Minime
1083 1423 1093 1447 ε
1115 1420 1193 1446 non
1211 1407 1316 1459 plus,

189 1478 310 1517 quam
344 1467 377 1505 si
405 1467 650 1518 navigantem
676 1466 717 1504 in
743 1466 821 1504 alto
847 1465 980 1515 ejicere
1012 1463 1060 1502 de
1089 1462 1179 1501 navi
1209 1461 1316 1509 velit,

189 1521 282 1572 quia
301 1534 370 1560 sua
384 1522 443 1560 sit.
474 1521 616 1571 Quoad
628 1521 731 1559 enim
745 1527 972 1572 perventum
984 1518 1034 1556 sit
1047 1530 1106 1565 eo,
1122 1529 1200 1569 quo
1212 1528 1319 1554 sum-

189 1582 230 1613 ta
248 1575 356 1614 navis
375 1584 444 1623 est,
471 1588 549 1614 non
568 1575 716 1614 domini
737 1583 793 1613 est
810 1574 933 1620 navis,
953 1572 1019 1611 sed
1036 1570 1318 1622 navigantium.

191 1629 333 1678 Quid?
375 1631 405 1669 si
424 1643 503 1668 una
521 1631 654 1668 tabula
672 1630 734 1676 sit,
755 1629 832 1667 duo
859 1626 1053 1678 naufragi,
1086 1624 1237 1677 [aeque]
1258 1637 1319 1663 sa-

189 1685 362 1736 pientes;
393 1685 514 1724 sibine
531 1685 674 1723 utervis
692 1684 829 1735 rapiat,
860 1695 909 1721 an
928 1682 1023 1720 alter
1041 1680 1150 1720 cedat
1176 1678 1286 1718 alteri
1300 1681 1318 1718 ἒ

193 1738 316 1778 Cedat
333 1753 422 1778 vero
439 1754 448 1777 =
481 1739 546 1778 sed
565 1739 615 1787 ei,
636 1739 745 1788 cujus
764 1738 888 1789 magis
905 1735 1068 1783 intersit,
1089 1734 1150 1773 vel
1169 1733 1240 1772 sua
1257 1733 1320 1772 vel

191 1793 412 1845 reipublicae
442 1793 570 1840 causa,
602 1793 739 1832 vivere.
784 1791 893 1841 Quid
907 1793 925 1830 Ρ
963 1790 994 1830 si
1025 1789 1108 1828 haec
1139 1788 1247 1840 paria
1277 1787 1319 1826 in

191 1856 356 1900 utroque
373 1851 391 1887 ,⁹
433 1848 605 1886 Nullum
634 1847 705 1886 erit
734 1854 951 1890 certamen;
982 1843 1063 1890 sed,
1083 1842 1194 1895 quasi
1220 1849 1320 1880 sorte

193 1911 261 1941 aut
286 1903 465 1942 micando
484 1903 620 1949 victus,
640 1901 750 1940 aJoeri
768 1900 876 1940 cedat
894 1900 1001 1938 alter.
1031 1897 1140 1947 Qud
1157 1899 1174 1936 Ρ
1205 1896 1237 1935 si
1250 1909 1321 1948 pa-

193 1965 250 1995 ter
268 1957 359 1996 fana
387 1957 544 2009 expilet,
564 1955 760 1995 cuniculos
788 1962 879 2006 agat
906 1953 956 1992 ad
986 1952 1189 1996 aerarium3
1218 1951 1322 1990 indi-

195 2020 303 2050 cetne
316 2012 357 2050 id
375 2011 662 2063 magistratibus
680 2009 782 2048 filius
796 2012 814 2049 Ρ
858 2008 980 2047 Nefas
999 2007 1040 2045 id
1058 2005 1217 2058 quidem
1236 2013 1293 2044 est
1306 2019 1318 2043 :

193 2066 407 2118 quinetiam
425 2065 604 2104 defendat
623 2072 786 2116 patrem,
807 2063 839 2102 si
858 2070 1053 2114 arguatur.
1085 2061 1177 2099 Non
1202 2059 1321 2110 igitur

192 2120 316 2174 patria
351 2128 507 2172 praestat
538 2120 717 2157 omnibus
750 2117 913 2156 officiis?
951 2117 1081 2155 Immo
1111 2127 1225 2153 vero:
1256 2111 1323 2152 sed

190 2175 265 2227 ipsi
289 2175 424 2226 patriae
451 2173 642 2222 conducit,
662 2172 746 2225 pios
773 2172 872 2211 cives
898 2171 1038 2210 habere
1065 2169 1106 2207 in
1131 2175 1321 2220 parentes.

195 2229 303 2279 Quid
320 2231 338 2268 Ρ
359 2229 391 2268 si
415 2228 659 2282 tyrannidem
687 2239 886 2279 occupare,
909 2225 941 2265 si
957 2224 1122 2277 patriam
1146 2221 1321 2275 prodere,
