1470 2402
306 118 386 159 DE
414 119 714 171 AMICITIA,
739 121 846 161 CAP.
866 122 932 167 27.
1118 122 1198 161 399

68 225 166 277 quit.
209 226 369 280 Semper
391 236 508 281 auget
532 237 740 270 assentator
756 230 811 279 id,
830 230 965 282 quod
954 243 1000 278 Is,
1020 229 1130 280 cujus
1148 229 1199 268 ad

67 280 307 320 voluntatem
321 283 473 333 dicitur,
494 285 579 323 vult
593 297 672 323 esse
684 297 885 336 magnum.
916 284 1197 332 Quamobrem,

67 335 245 385 quamvis
262 336 407 376 blanda
422 338 496 376 ista
514 339 661 377 vanitas
680 339 784 390 apud
803 353 864 378 eos
879 339 1017 387 valeat,
1037 338 1105 390 qui
1124 337 1198 389 ipsi

67 388 178 427 illam
206 391 384 430 allectant
415 400 452 431 et
481 392 670 439 invitant;
700 401 830 432 tamen
861 393 976 431 etiam
1009 392 1199 444 graviores

66 445 414 497 constantioresque
433 446 665 486 admonendi
683 455 786 493 sunt,
807 455 851 485 ut
870 447 1045 485 animum
1065 446 1198 484 adver-

65 502 164 545 tant,
191 511 240 536 ne
259 500 398 538 callida
417 501 666 540 assentatione
685 502 894 564 capiantur.
924 502 1072 553 Aperte
1095 499 1199 539 enim

66 551 291 591 adulantem
318 566 432 593 nemo
457 568 534 593 non
561 555 678 604 videt,
706 556 779 594 nisi
809 556 878 607 qui
907 556 1118 594 admodum
1143 562 1199 592 est

68 618 212 645 excors.
253 607 428 647 Callidus
451 609 517 648 ille
543 617 580 648 et
598 610 769 648 occultus
787 623 836 648 ne
854 623 893 648 se
911 609 1092 657 insinuet,
1119 616 1200 647 stu-

66 658 173 698 diose
191 662 405 700 cavendum
432 671 511 701 ὅτε
543 676 612 702 nec
638 665 742 702 enim
764 663 947 702 facillime
965 663 1197 715 agnoscitur,

67 714 215 766 quippe
233 715 302 767 qui
319 717 437 755 etiam
456 717 690 755 adversando
709 730 809 769 saepe
823 725 1059 763 assentetur3
1081 723 1132 764 et,
1152 715 1201 753 li-

70 768 192 819 tigare
217 783 256 808 se
282 770 482 832 simulans,
508 771 743 819 blandiatur,
771 779 887 823 atque
912 770 961 808 ad
984 778 1202 808 extremum

69 821 136 861 det
161 836 314 873 manus,
342 824 520 876 vincique
546 839 584 864 se
609 826 804 877 patiatur-3
836 832 880 863 ut
905 824 951 873 is,
978 825 1047 886 qui
1064 825 1201 862 illusus

66 876 134 924 sit,
154 877 242 928 plus
256 878 393 917 vidisse
407 879 590 918 videatur.
621 879 730 927 Quid
748 886 877 918 autem
896 879 1060 930 turpius,
1081 890 1201 930 quam

65 929 209 970 illudi.
200 933 218 959 ⁹
247 931 368 980 Quod
386 945 435 972 ne
453 933 612 983 accidat,
633 934 757 985 magis
776 932 990 973 cavendum
1008 941 1077 982 est,
1097 940 1142 972 ut
1159 932 1201 971 in

74 986 104 1008 “
119 985 324 1038 Epiclero:
314 987 356 1010 ·''

126 1060 156 1083 ‘⁶
172 1060 302 1100 Hodie
319 1074 397 1111 me,
418 1069 507 1101 ante
525 1075 657 1102 omnes
675 1062 838 1102 comicos
857 1062 993 1102 stultos
1011 1075 1132 1112 seneS,

125 1113 301 1155 versaris
319 1124 436 1169 atque
453 1118 589 1156 luseris
605 1117 858 1157 lautissime-'⁹

71 1204 171 1244 Haec
194 1205 299 1244 enim
324 1206 442 1245 etiam
469 1206 510 1244 in
535 1205 677 1245 fabulis
703 1205 929 1245 stultissima
957 1216 1118 1257 persona
1149 1211 1204 1244 eet

69 1258 374 1311 improvidorum
407 1269 445 1299 et
476 1260 720 1299 credulorum
757 1273 906 1299 senum.
954 1259 1044 1308 Sed,
1078 1259 1205 1299 nescio

70 1326 150 1365 quo
160 1321 286 1365 pacto,
306 1317 355 1353 ab
374 1314 550 1353 amicitiis
569 1315 827 1382 perfectorum
842 1314 1062 1362 hominum,
1077 1313 1118 1352 id
1132 1320 1202 1363 est,

69 1368 317 1419 sapientium,
345 1369 410 1412 (de
438 1369 511 1408 hac
535 1369 620 1408 dico
650 1369 836 1421 sapientia
866 1383 953 1430 quae
983 1368 1133 1407 videtur
1158 1368 1201 1406 in

69 1421 270 1462 hominem
301 1423 434 1461 cadere
462 1430 587 1475 posse)
621 1424 670 1461 ad
699 1424 801 1462 leves
830 1423 1016 1462 amicitias
1046 1422 1202 1461 deflexit

71 1476 204 1514 oratio.
252 1476 533 1525 Quamobrem,
553 1477 603 1515 ad
621 1478 688 1515 illa
705 1478 834 1529 prima
850 1477 1065 1527 redeamus,
1081 1489 1202 1528 eaque

71 1529 158 1581 ipsa
176 1531 450 1569 concludamus
469 1531 688 1583 aliquando.

127 1584 314 1622 XXVII.
344 1584 494 1631 Virtus,
515 1586 649 1632 virtus,
668 1585 844 1637 inquam,
866 1584 912 1623 G.
928 1584 1069 1632 Fanni,
1091 1590 1127 1622 et
1141 1591 1200 1632 tu,

72 1636 116 1686 Q
148 1637 275 1686 Muci,
297 1644 334 1677 et
359 1639 534 1676 conciliat
551 1638 751 1686 amicitias,
778 1646 816 1677 et
838 1646 1044 1677 conservat.
1088 1639 1139 1676 In
1158 1638 1204 1677 ea

70 1699 131 1731 aet
156 1692 260 1730 enim
285 1693 548 1731 convenientia
571 1705 714 1741 rerum,
741 1693 782 1731 in
808 1693 853 1731 εἲ),
878 1692 1077 1740 stabilitas,
1097 1692 1139 1730 in
1158 1692 1204 1730 e'a.

74 1746 298 1785 constantia.
339 1746 441 1794 Quae
464 1760 554 1785 cum
578 1760 617 1785 se
643 1747 794 1795 extulit,
821 1754 859 1786 et
880 1747 1045 1785 ostendit
1067 1748 1204 1785 lumen

73 1813 207 1849 suum,
229 1807 266 1839 et
289 1800 393 1839 idem
412 1800 594 1862 ’adspexit
618 1801 850 1862 agnovitque
867 1801 907 1839 in
927 1801 1016 1849 alio,
1037 1801 1087 1839 ad
1103 1801 1145 1839 id
1164 1813 1204 1840 se

75 1854 268 1904 admovet,
299 1854 543 1907 vicissimque
568 1855 704 1907 accipit
731 1854 845 1904 illud,
876 1855 981 1907 quod
1012 1855 1053 1893 in
1084 1855 1203 1894 altero

77 1916 160 1947 est:
192 1922 240 1947 ex
265 1922 343 1961 quo
368 1922 501 1947 eorum
528 1909 736 1948 exardescit
759 1909 838 1947 sive
864 1922 985 1957 amor,
1013 1909 1090 1948 sive
1109 1909 1206 1948 ami-

77 1963 192 2002 citia:
213 1970 423 2014 utrumque
442 1964 545 2001 enim
563 1963 711 2002 dictum
730 1971 786 2002 est
803 1964 851 2002 ab
866 1962 1056 2002 amando.
1078 1975 1207 2001 amare

79 2024 210 2055 autem
225 2017 324 2055 nihil
342 2017 448 2055 aliud
467 2024 537 2065 est,
558 2017 632 2055 11151
650 2030 740 2056 eum
751 2018 880 2069 ipsum
898 2017 1069 2069 diligere,
1091 2030 1210 2069 quem

79 2084 200 2119 ames,
220 2071 330 2109 nulla
347 2071 574 2123 indigentia,
595 2072 705 2110 nulla
722 2071 887 2110 utilitate
905 2072 1090 2123 quaesit53
1121 2083 1209 2123 quae

78 2132 211 2164 tamen
239 2125 322 2177 ipsa
351 2125 548 2165 efflorescit
572 2138 621 2165 ex
647 2125 830 2174 amicitia,
856 2125 973 2164 etiam
998 2126 1030 2165 si
1052 2132 1096 2164 tu
1121 2137 1209 2163 eam

87 2191 216 2218 minus
234 2190 384 2218 secutus
403 2193 464 2219 515.

137 2233 226 2272 Hac
250 2246 318 2274 nos
346 2234 600 2275 adolescentes
618 2233 884 2274 benevolentia
903 2245 1012 2274 senes
1029 2233 1130 2284 illos,
1160 2231 1210 2271 11·
