1470 2402
461 77 557 118 DE
587 78 762 127 FATO,
793 78 900 118 CAP.
921 80 959 119 9.
1204 77 1280 122 117

150 193 210 233 ut,
237 185 280 225 in
298 199 343 226 eo
366 188 436 240 qui
459 188 656 227 mortifero
680 189 817 227 morbo
835 194 1032 239 urgeatur,
1059 198 1193 225 verum
1216 186 1281 233 sit,

151 239 232 280 Hic
250 242 434 281 morietur
446 243 520 282 hoc
537 244 698 281 morbo:
720 250 760 280 at
773 242 846 281 hoc
863 242 967 280 idem
986 241 1018 280 si
1032 254 1118 279 vere
1132 241 1284 279 dicatur

149 294 190 332 in
211 309 269 343 eo,
298 297 340 335 in
359 310 438 349 quo
464 297 522 336 vis
546 297 673 336 morbi
697 305 805 335 tanta
829 309 908 335 non
934 304 1128 348 appareat,
1158 295 1282 333 nihilo

149 349 281 388 minus
306 351 485 389 futurum
512 352 572 390 sit.
621 352 685 390 Ita
702 352 760 398 fit,
790 359 834 389 ut
853 350 1104 389 commutatio
1124 363 1172 388 ex
1191 362 1282 387 vero

148 403 189 441 in
223 404 366 443 falsum
399 418 447 444 ne
479 407 518 444 in
552 406 684 444 futuro
721 406 879 458 quidem
916 405 997 443 ulla
1034 405 1116 443 ficri
1148 404 1278 456 possit.

150 458 273 507 Nam,
295 459 489 498 Morietur
508 460 650 512 Scipio,
671 461 788 499 talem
809 460 889 498 vim
908 459 1038 506 habet,
1061 468 1116 506 ut,
1139 471 1280 510 quam-

149 526 268 564 quam
296 514 344 553 de
373 514 506 554 futuro
535 515 688 563 dicitur,
721 523 850 553 tamen
887 514 928 552 id
955 527 1031 552 non
1051 514 1169 565 pessit
1188 525 1280 551 con-

147 568 245 606 verti
259 568 299 606 in
314 568 482 608 falsum:
514 569 561 608 de
579 570 736 608 homine
750 570 853 608 enim
873 569 1026 617 dicitur,
1049 568 1111 607 cui
1129 580 1280 606 necesse

146 629 203 660 oet
222 623 332 662 mori.

203 676 266 716 Sic
296 678 327 716 si
357 677 558 727 diceretur,
580 679 774 718 WIorietur
798 686 914 717 noctu
940 677 980 716 in
1007 677 1184 716 cubiculo
1210 690 1280 716 suo

149 731 278 783 Scipio
307 732 346 771 vi
375 746 602 786 oppressus3
634 747 720 772 vere
749 733 961 772 diceretur:
993 733 1033 771 id
1064 733 1167 771 enim
1198 732 1281 770 fore

146 784 348 836 diceretur,
365 788 470 838 quod
482 797 578 827 esset
590 788 791 826 futurum.
814 788 991 826 futurum
1004 796 1134 825 autem
1146 786 1278 834 fuisse',

147 853 196 879 ex
221 853 279 890 eo,
309 842 401 893 quia
426 841 574 881 factum
600 850 669 891 est,
696 842 860 894 intelligi
878 842 1001 880 debet.
1044 842 1128 880 Nec
1153 841 1280 892 magis

147 903 227 933 erat
252 909 403 945 verum,
432 896 626 936 Morietur
655 871 797 948 Scipio,
826 909 960 958 quam,
989 896 1182 934 Morietur
1209 895 1279 934 illo

144 949 287 995 modo;
318 963 388 989 nec
417 947 548 990 mimis
581 964 731 990 necesse
759 952 859 990 mori
889 951 1122 1002 Scipionem,
1158 962 1279 1002 quam

143 1003 212 1042 illo
237 1004 354 1044 modo
380 1006 504 1044 mori.
535 1018 604 1045 nec
629 1006 752 1057 magis
777 1005 1020 1044 immutabile
1046 1018 1093 1043 ex
1120 1017 1209 1043 vero
1236 1004 1277 1042 ιιι

143 1058 304 1107 falsum,
326 1060 497 1099 Necatus
512 1069 569 1099 ωε
587 1060 730 1112 Scipio,
751 1073 871 1112 quam
891 1060 1104 1098 Necabitur
1120 1058 1248 1110 Scipio
1262 1073 1274 1097 τ

144 1125 229 1161 nec,
260 1127 350 1152 cum
373 1114 456 1154 haec
481 1115 535 1153 ita
562 1115 651 1164 sint,
682 1123 737 1153 est
762 1128 890 1162 causa,
918 1127 986 1152 cur
1005 1114 1199 1165 Epicurus
1218 1113 1277 1152 fa-

144 1175 231 1206 tum
250 1168 486 1215 extimescat,
518 1177 555 1208 et
580 1171 629 1208 ab
655 1170 793 1208 atomis
811 1177 916 1221 petat
934 1168 1171 1220 praesidium,
1196 1181 1278 1207 eas-

144 1235 221 1274 que
240 1223 288 1261 de
307 1223 370 1261 via
389 1223 566 1272 deducat,
584 1233 620 1262 et
635 1237 713 1262 uno
728 1232 899 1276 tempore
914 1223 1093 1275 suscipiat
1108 1236 1166 1261 res
1181 1222 1278 1261 duas

144 1277 431 1324 inenodabiles3
462 1292 598 1327 unam,
627 1287 670 1317 ut
696 1279 776 1317 sine
803 1279 918 1317 causa
943 1278 1010 1316 fiat
1035 1277 1197 1329 aliquid,
1228 1290 1276 1316 ex

26 1357 40 1386 «Ι
144 1344 222 1383 quo
253 1332 421 1381 exsistet,
448 1342 493 1372 ut
518 1333 566 1372 de
592 1333 714 1371 nihilo
740 1333 939 1385 quidpiam
967 1333 1048 1381 fiat,
1077 1331 1182 1384 quod
1206 1344 1278 1370 nec

68 1419 73 1431 .
104 1386 217 1437 “ipsi
239 1399 309 1424 nec
335 1387 517 1440 cuiquam
543 1388 702 1450 physico
728 1389 878 1440 placet,
868 1402 877 1411 ·
909 1388 1084 1435 alteram,
1106 1394 1164 1435 ut,
1185 1399 1275 1424 cum

105 1437 129 1486 s'
143 1441 220 1479 duo
239 1441 439 1480 individua
458 1456 526 1495 per
544 1443 770 1481 inanitatem
790 1443 976 1489 ferantur,
993 1442 1158 1480 alterum
1178 1454 1198 1478 e
1217 1454 1277 1479 re-

105 1499 108 1502 ’
141 1495 255 1546 gione
273 1505 488 1545 moveatur,
519 1498 684 1535 alterum
703 1497 879 1563 declinet.
910 1497 1021 1534 Licet
1047 1496 1150 1535 enim
1176 1495 1276 1547 Epi*

142 1562 248 1597 curo,
281 1551 516 1600 concedenti,
544 1565 658 1590 omne
671 1541 931 1595 ‘enuntiatum
956 1559 1023 1588 aut
1046 1563 1181 1588 verum
1207 1557 1276 1588 aut

142 1603 285 1642 falsum
305 1618 397 1653 aese,
425 1618 502 1644 non
529 1606 662 1653 vereri,
690 1619 739 1644 ne
765 1606 896 1644 omnia
920 1605 1000 1643 fato
1026 1605 1108 1643 fieri
1135 1605 1183 1642 sit
1208 1616 1276 1642 ne-

144 1671 270 1697 cesse:
301 1671 379 1697 non
409 1660 514 1698 enim
545 1674 593 1698 ex
624 1661 774 1699 aeternis
804 1660 940 1707 causis,
973 1668 1121 1697 naturae
1146 1671 1276 1697 necas-

144 1713 254 1751 sitate
279 1715 541 1763 manantibus,
569 1728 704 1753 verum
730 1724 786 1753 aet
811 1715 866 1761 id,
895 1714 1000 1766 quod
1025 1713 1078 1751 ita
1097 1713 1276 1751 enuntia-

144 1774 232 1806 tur:
263 1767 472 1806 Descendit
501 1769 543 1806 in
568 1769 824 1807 Academiam
844 1768 1085 1814 Carneades;
1117 1780 1186 1806 nec
1216 1775 1275 1805 ta-

143 1834 235 1860 men
265 1822 346 1860 sine
376 1823 522 1861 causis:
554 1824 619 1861 sed
649 1823 804 1861 interest
834 1823 933 1861 inter
958 1836 1090 1860 causas
1114 1822 1274 1862 fortuito

144 1884 393 1928 antegraesae,
424 1885 461 1915 et
479 1877 577 1915 inter
597 1891 727 1916 causas
753 1877 970 1916 cohibentes
988 1876 1029 1914 in
1050 1890 1088 1915 se
1108 1877 1274 1915 efficien-

142 1931 239 1969 tiam
259 1932 486 1969 naturalem.
518 1932 539 1969 I
542 1940 581 1969 ta
601 1940 637 1970 et
651 1945 800 1983 semper
819 1945 953 1970 verum
973 1931 1062 1979 fuit,
1080 1931 1275 1970 Morietur

142 1984 353 2037 Epicurus,
388 1999 478 2024 cum
510 1986 588 2024 duo
621 1996 658 2024 et
691 1987 933 2038 septuaginta
966 1998 1086 2024 annos
1118 1986 1272 2035 vixerit,

142 2040 344 2078 Archonte
363 2040 601 2092 Pytharat03
632 2053 757 2092 neque
783 2048 912 2079 tamen
939 2048 1046 2078 erant
1072 2053 1196 2079 causae
1214 2041 1273 2078 fa-

142 2094 252 2143 tales,
274 2108 342 2133 cur
360 2095 414 2133 ita
433 2095 641 2134 accideret:
663 2095 743 2144 sed,
759 2095 865 2148 quod
882 2095 936 2133 ita
951 2095 1156 2144 cecidisset,
1172 2103 1274 2134 certe

141 2160 336 2196 casurum,
363 2149 461 2188 sicut
478 2149 626 2198 cecidit,
646 2149 734 2189 fuit.
782 2151 824 2189 N
826 2163 868 2189 ec
886 2149 928 2198 ii,
955 2149 1025 2201 qui
1043 2149 1177 2187 dicunt
1195 2149 1272 2187 im-

140 2203 345 2243 mutabilia
363 2216 442 2243 esse
460 2217 549 2256 quae
566 2204 700 2244 futura
717 2205 807 2256 sint,
834 2217 905 2244 nec
926 2217 1036 2257 posse
1055 2217 1190 2244 verum
1208 2203 1272 2242 fu-
