1470 2402
259 59 541 100 SOMNIUM
571 60 872 101 SCIPIONIS.
894 61 1000 100 CAP.
1020 61 1058 98 4.
1143 59 1223 96 423

89 166 200 217 Deo,
223 167 414 220 defugisse
439 169 658 209 videamini.
700 171 777 210 Sed
802 171 869 219 sic,
896 170 1038 221 Scipio,
1066 176 1109 206 ut
1129 181 1223 206 avus

93 221 160 260 hic
178 230 283 272 tuus,
303 232 347 262 ut
366 237 436 275 ego
455 225 525 277 qui
542 233 580 264 te
597 225 728 276 genui,
745 226 936 275 justitiam
959 224 1054 271 cole,
1082 231 1119 261 et
1140 223 1222 274 pie-

94 281 243 315 tatem:
273 291 375 330 quae,
402 292 493 318 cum
519 279 568 318 sit
589 293 733 332 magna
757 281 798 318 in
823 279 1047 332 parentibus
1072 285 1110 316 et
1134 290 1222 329 pro-

89 330 265 392 pinquis,
285 340 372 371 tum
389 333 431 371 in
449 335 574 386 patria
591 335 765 373 maxima
783 344 849 373 est.
891 334 953 372 Ea
977 334 1056 371 vita
1081 332 1143 370 via
1166 338 1223 369 est

93 384 136 422 in
161 387 314 435 coelum,
336 395 374 425 et
394 387 435 425 in
460 388 565 427 hunc
591 397 731 428 coetum
758 402 905 436 eorum,
933 388 1001 440 qui
1027 389 1110 437 jam
1138 386 1223 423 vix-

93 448 220 489 erunt,
241 449 292 488 et,
313 454 468 493 corpore
480 443 615 491 laxati,
632 444 744 482 illum
758 444 933 482 incolunt
945 444 1090 489 locum,
1104 453 1223 493 quem

94 493 212 534 vides.
253 495 353 534 Erat
382 504 514 536 autem
543 498 576 536 is
605 498 911 550 splendidissimo
939 496 1100 536 candore
1125 495 1224 533 inter

91 548 272 589 flammas
290 550 411 589 circus
431 552 597 602 elucens,
619 566 735 604 quem
755 566 820 591 vos
847 556 907 596 (ut
930 566 953 590 a
973 551 1099 589 Graiis
1119 563 1224 588 acce-

92 602 219 655 pistis)
248 606 381 644 orbem
408 606 576 645 lacteum
608 607 867 659 nuncupatis:
907 619 955 645 ex
987 619 1065 657 quo
1093 604 1224 642 omnia

91 657 193 696 mihi
211 660 486 712 contemplanti
504 662 685 713 praeclara
704 671 838 701 caetera
857 669 894 699 et
911 659 1104 699 mirabilia
1118 658 1224 696 vide-

91 712 247 752 bantur.
287 713 414 753 Erant
439 723 569 755 autem
595 730 649 755 eae
674 717 806 764 stellae,
828 729 923 768 quas
946 726 1148 766 nunquam
1174 725 1223 751 ex

91 765 167 806 hoc
184 767 268 806 loeo
288 769 475 816 vidimus3
502 778 539 809 et
553 785 607 809 eae
620 771 905 822 magnitudines
919 769 1111 815 omnium,
1127 781 1224 820 quas

91 833 174 862 esse
192 835 396 875 nunquam
415 825 596 877 suspicati
621 839 779 864 sumus:
811 839 860 864 ex
885 825 1026 877 quibus
1052 830 1132 861 erat
1157 822 1226 860 illa

91 875 272 926 minima,
294 891 396 930 quae,
416 879 555 918 ultima
569 881 676 929 coelo,
692 880 823 919 citima
836 879 957 927 terris,
974 878 1058 917 luce
1072 878 1226 915 lucebat

93 930 233 970 aliena„
273 932 483 972 Stellarum
507 942 638 973 autem
663 935 769 986 globi
788 942 897 973 terrae
915 931 1225 992 magnitudinem

93 983 205 1030 facile
223 985 438 1026 vincebant.
478 989 508 1027 J
510 1002 574 1027 am
599 990 683 1041 ipsa
701 997 801 1028 terra
818 989 874 1027 ita
891 988 990 1026 mihi
1008 1000 1126 1038 parva
1145 985 1225 1024 visa

93 1045 165 1100 oet,
191 1047 236 1078 ut
259 1054 324 1079 me
346 1042 502 1094 imperii
523 1044 658 1094 nostri,
687 1057 764 1096 quo
790 1042 900 1096 quasi
924 1050 1114 1095 punctum
1141 1041 1225 1090 ejus

92 1093 334 1145 attingimus,
352 1097 565 1148 poeniteret.

147 1148 224 1188 IV.
254 1149 389 1198 Quam
421 1164 511 1190 cum
539 1152 664 1204 magis
695 1152 878 1201 intuerer,
908 1151 1067 1200 Quaeso,
1097 1149 1228 1201 inquit

92 1201 318 1253 Africanus,
347 1219 550 1259 quousque
578 1207 692 1246 humi
723 1207 851 1246 defixa
878 1215 947 1245 tua
978 1218 1087 1243 mens
1121 1205 1223 1243 erit?

92 1269 220 1297 nonne
238 1259 416 1311 adspicis,
441 1275 529 1313 quae
546 1261 588 1300 in
607 1262 753 1313 templa
771 1262 940 1300 veneris
931 1263 948 1289 9
978 1261 1133 1298 Novem
1153 1259 1225 1297 tibi

92 1312 264 1361 orbibus,
280 1314 342 1352 vel
359 1315 486 1366 potius
501 1317 639 1367 globis,
655 1329 828 1355 connexa
841 1324 931 1354 sunt
949 1314 1103 1353 omnia·
1127 1326 1224 1364 quo-

90 1377 181 1405 rum
199 1380 302 1406 unus
322 1376 378 1407 est
394 1371 566 1418 coelestis,
594 1371 776 1419 extimus,
804 1371 872 1422 qui
897 1370 1066 1420 reliquos
1091 1379 1225 1406 omnes

92 1421 372 1472 complectitur,
391 1437 568 1463 summus
581 1425 663 1476 ipse
677 1424 802 1473 Deus,
823 1437 953 1463 arcens
972 1430 1009 1461 et
1027 1421 1226 1461 continens

90 1482 270 1522 caeteros3
300 1476 342 1514 in
361 1490 439 1529 quo
456 1479 568 1516 infixi
586 1486 676 1516 sunt
699 1478 772 1540 illi,
799 1479 868 1530 qui
892 1478 1113 1523 volvuntur,
1134 1475 1225 1513 stel-

90 1529 220 1568 larum
243 1543 375 1568 cursus
401 1532 646 1583 sempiterni·
677 1532 740 1571 cui
765 1532 928 1582 subjecti
951 1538 1041 1569 sunt
1060 1538 1221 1581 septem,

92 1584 162 1635 qm·
186 1592 386 1622 versantur
408 1594 522 1633 retro,
550 1587 737 1625 contrario
759 1594 885 1635 motu,
916 1594 1032 1637 atque
1054 1585 1220 1629 coelum;

93 1651 143 1677 ex
161 1639 303 1690 quibus
321 1652 447 1678 unum
464 1640 627 1702 globum
651 1640 819 1692 possidet
843 1616 924 1687 illa,
951 1652 1071 1692 quam
1088 1639 1130 1676 ιιι
1149 1647 1224 1676 ter-

90 1693 144 1732 ris
162 1692 383 1733 Saturniam
410 1694 624 1734 nominant.
672 1695 825 1733 Deinde
850 1702 906 1734 est
929 1693 1135 1732 hominum
1157 1706 1224 1743 ge-

91 1749 175 1786 nai
192 1761 396 1801 prosperus
415 1757 452 1787 et
471 1749 646 1787 salutaris
664 1749 730 1787 ille
747 1749 890 1800 fulgor,
910 1748 979 1801 qui
997 1747 1136 1786 dicitur
1149 1747 1178 1785 J
1181 1760 1224 1785 o-

91 1802 174 1841 vis·
204 1811 290 1841 tum
314 1803 469 1851 rutilus,
498 1803 768 1855 horribilisque
792 1803 914 1852 terr'ffi,
945 1816 1062 1855 quem
1091 1800 1225 1851 [Mar-

91 1858 192 1909 tem]
225 1857 372 1896 dicitis:
403 1857 541 1896 deinde
571 1859 701 1896 subter
724 1858 895 1896 mediam
918 1857 998 1895 fere
1027 1856 1223 1907 regionem

91 1910 160 1948 Sol
177 1912 337 1963 obtinet,
358 1911 455 1961 dux,
476 1920 514 1951 et
530 1913 720 1964 princePS,
742 1919 778 1950 et
791 1912 1007 1950 moderator
1024 1910 1222 1948 luminum

90 1964 343 2017 reliquorum,
361 1979 472 2005 mens
497 1966 649 2014 mundi,
671 1973 708 2004 et
726 1966 965 2018 temperatio,
985 1965 1094 2003 tanta
1111 1976 1223 2015 mag-

91 2018 282 2069 nitudine,
313 2029 358 2060 ut
383 2028 520 2059 cuncta
546 2034 617 2059 sua
637 1995 727 2059 luce
750 2021 929 2068 illustret,
957 2027 995 2058 et
1019 2019 1223 2070 compleat.

94 2071 230 2123 Hunc,
249 2082 296 2113 ut
312 2075 484 2125 comites,
505 2082 806 2127 consequuntur,
821 2074 984 2114 Veneris
1003 2074 1112 2122 alter,
1127 2072 1224 2111 alter

92 2125 284 2167 Mercurii
310 2142 468 2168 cursus·
503 2129 546 2168 in
577 2129 791 2181 infimoque
818 2131 909 2168 orbe
941 2128 1073 2176 Luna,
1107 2126 1225 2165 radiis

91 2181 363 2233 solisaccensa,
384 2183 627 2224 convertitur.
657 2183 768 2223 Infra
785 2191 915 2222 autem
931 2183 1016 2233 jam
1034 2181 1134 2221 nihil
1152 2187 1225 2228 est,
