1470 2402
216 77 296 120 DE
315 77 731 129 mVINATIoNE,
752 77 851 117 LIB.
865 77 924 118 11.
946 77 1052 118 CAP.
1065 78 1132 117 31.
1188 79 1241 125 77

231 186 315 236 Qui
332 186 478 238 platani
495 187 535 225 in
553 199 674 234 ramo,
693 186 873 225 foliorum
888 186 1056 238 tegmine
1073 194 1211 238 septos,

230 242 425 292 Corripuit
443 241 592 292 pullos·
623 253 718 292 quos
737 254 825 279 cum
844 248 1081 279 consumeret
1099 249 1197 290 octo,

228 295 346 333 Nona
363 308 476 346 super
494 295 657 333 tremulo
674 295 839 345 genitrix
854 295 1028 345 clangore
1041 295 1214 333 volabat.

228 348 303 386 Cui
320 348 450 387 ferus
440 349 602 386 1mmani
619 348 776 386 laniavit
795 348 934 386 viscera
951 361 1093 386 morsu.

227 401 362 451 Hunc,
396 403 465 440 ubi
498 410 577 440 tam
611 412 757 440 teneros
789 402 958 440 volucres
992 410 1233 455 matremque

332 455 507 507 peremit,

225 509 309 557 Qui
326 510 403 548 luci
422 509 602 557 ediderat,
623 509 769 560 genitor
787 509 988 549 Saturnius
1006 509 1109 548 idem

222 563 403 610 Abdidit,
424 571 460 601 et
479 563 574 601 duro
596 562 801 614 [firmavit]
824 563 990 614 tegmine
1007 564 1102 602 saxi.

224 617 309 655 Nos
327 625 470 665 autem,
491 617 616 654 timidi
635 625 788 664 stantes,
808 617 982 656 mirabile
1000 624 1217 656 monstrum

224 670 407 709 Vidimus
424 671 464 708 in
483 670 618 708 mediis
637 670 783 709 Divum
798 671 976 709 versarier
993 671 1079 709 aris.

222 724 333 762 Tum
353 725 512 763 Calchas
530 725 611 762 haec
630 732 684 762 est
702 724 835 762 fidenti
853 737 943 763 voce
959 725 1134 763 locutus:

223 778 424 825 Quidnam
438 785 627 829 torpentes
641 778 766 816 subito
781 779 1040 829 obstupuistis,
1056 777 1198 817 Achivi
1209 780 1227 817 ἓ

222 831 348 870 Nobis
366 832 446 870 haec
464 839 638 883 portenta
655 831 784 869 Deum
803 831 906 869 dedit
924 833 1004 882 ipse
1022 840 1179 880 creator,

222 885 354 924 Tarda
373 893 409 924 et
427 898 509 923 sera
525 885 654 932 nimis,
675 885 739 923 sed
756 885 862 923 fama
876 898 918 923 ac
931 886 1045 923 laude
1058 885 1228 936 perenni.

223 939 267 977 N
268 952 346 986 am,
367 947 460 991 quot
478 952 564 977 aves
582 946 677 977 tetro
695 948 876 977 mactatas
894 938 1006 977 deute
1025 939 1173 987 videtis,

225 993 305 1030 Tot
322 1005 390 1031 nos
410 993 458 1030 ad
476 992 636 1042 Trojam
656 993 746 1030 belli
765 993 1045 1030 exzandabimus
1064 1006 1208 1039 annos3

222 1046 325 1094 Quae
342 1046 489 1084 decimo
508 1046 627 1093 cadet,
649 1054 686 1084 et
702 1046 815 1097 poena
833 1046 984 1084 satiabit
1001 1047 1183 1085 Achivos.

221 1099 357 1139 Edidit
373 1100 455 1138 haec
474 1099 655 1147 Calchas;
681 1113 767 1152 quae
781 1101 864 1151 jam
882 1107 1034 1138 matura
1052 1100 1229 1139 videtis.”

113 1208 216 1257 Quae
233 1206 389 1246 tandem
406 1207 478 1246 ista
495 1206 694 1258 auguratio
714 1214 770 1245 est
794 1219 841 1245 ex
863 1206 1090 1258 passeribus,
1112 1220 1231 1246 anno-

113 1262 361 1354 mfflffff'
382 1269 586 1353 qussffiuiss‘
602 1261 1076 1362 Ξὲἶᾞέῃῗᾜὲξωὲ
1091 1262 1231 1353 2533ss

112 1330 165 1356 au

114 1371 269 1408 nullum
301 1328 638 1416 erziiastsnonstrum,
670 1328 718 1407 ile
745 1368 906 1406 dracone
933 1368 1031 1416 silet,
1061 1328 1128 1419 qiii
1156 1369 1228 1417 (id,

113 1424 220 1476 quod
238 1424 320 1462 fieri
336 1435 414 1461 non
432 1422 572 1474 potuit)
592 1422 764 1473 lapideus
787 1422 924 1460 dicitur
944 1422 1095 1461 factus?
1134 1423 1230 1461 Pos-

115 1486 237 1517 tremo
269 1476 364 1529 quid
396 1476 519 1514 simile
545 1476 660 1514 habet
687 1488 814 1536 passer
841 1476 950 1514 annis
963 1476 982 1512 Ρ
1027 1477 1148 1523 Nam,
1182 1476 1231 1515 de

113 1545 241 1592 angue
258 1532 339 1578 illo,
355 1530 423 1582 qui
441 1530 560 1568 Sullae
578 1529 754 1581 apparuit
771 1529 1001 1577 immolanti,
1021 1537 1232 1580 utrumque

115 1585 290 1634 memini,
310 1592 347 1623 et
364 1584 528 1632 Sullam,
555 1596 645 1622 cum
666 1583 708 1620 in
727 1583 1007 1634 expeditionem
1026 1583 1231 1623 educturus

115 1647 225 1687 65561,
245 1638 513 1686 immolavisse,
533 1645 570 1675 et
595 1649 762 1688 anguem
786 1639 835 1675 ab
861 1638 928 1675 ara
949 1637 1146 1685 exstitisse,
1168 1649 1231 1675 eo-

114 1706 192 1744 que
222 1692 284 1730 die
312 1704 394 1730 rem
419 1692 598 1743 praeclare
625 1703 702 1729 aese
727 1698 890 1742 gaetam‚
916 1703 994 1729 non
1020 1690 1233 1742 haruspicis

113 1746 285 1793 consilio,
306 1745 372 1783 sed
387 1744 636 1796 imperatoris.

169 1799 333 1838 XXXI.
361 1798 497 1850 Atque
519 1798 602 1836 haec
630 1804 865 1836 ostentorum
893 1809 1033 1848 genera
1056 1796 1233 1836 mirabile

113 1853 213 1892 nihil
230 1853 386 1900 habent,
407 1865 507 1903 quae,
528 1864 617 1890 cum
634 1852 734 1889 facta
751 1859 854 1898 sunt,
876 1858 961 1889 tum
978 1851 1028 1889 ad
1043 1851 1234 1912 6011366111-

113 1920 199 1946 ram
217 1906 348 1958 aliqua
370 1905 675 1956 interpretatione
696 1912 940 1943 revocantur:
972 1912 1016 1942 ut
1033 1905 1101 1942 illa
1118 1905 1234 1944 tritici

110 1974 234 2013 grana
256 1961 297 1998 in
323 1972 364 1998 os
390 1959 500 2011 pueri
527 1958 652 1998 Midae
678 1966 878 2009 congesta3
912 1966 980 1997 aut
1005 1971 1109 2010 apes,
1137 1972 1233 2010 quas

110 2015 245 2053 dixisti
269 2014 310 2052 in
333 2013 449 2052 labris
475 2012 646 2051 Platonis
672 2012 880 2050 consedisse
903 2012 1025 2063 pueri,
1050 2024 1128 2050 non
1153 2020 1235 2051 tam

113 2068 306 2107 mirabilia
323 2068 413 2116 sint,
433 2079 551 2118 quam
570 2066 739 2115 conjecta
754 2066 879 2105 belle.
909 2079 996 2117 quae
1021 2073 1150 2104 tamen
1173 2067 1235 2104 vel

116 2123 199 2173 ipsa
227 2121 325 2161 falsa
353 2134 446 2169 6556,
472 2121 533 2159 vel
558 2133 602 2159 ea
626 2133 713 2171 quae
737 2119 918 2171 praedicta
945 2126 1048 2169 sunt,
1076 2119 1235 2158 fortuito

113 2176 307 2227 cecidisse,
340 2181 559 2229 potuerunt.
605 2173 669 2215 De
699 2173 783 2228 ipso
815 2173 931 2265 Rosci3
932 2186 954 2213 o
983 2180 1107 2227 potest
1136 2172 1236 2213 illud

823 2238 860 2267 Η
