1470 2402
240 90 321 129 210
431 87 509 127 DE
538 87 798 138 OFFICIIS‚
816 87 914 127 Lm.
934 88 968 128 1.
982 88 1086 129 CAP.
1104 89 1165 129 10.

238 204 296 236 est
312 195 427 236 idem.
468 196 598 234 Potest
622 196 725 234 enim
750 195 916 235 accidere
939 197 1168 248 promissum
1195 196 1350 250 aliquod

240 259 277 290 et
294 258 538 298 conventum,
565 257 610 288 ut
633 250 673 288 id
697 250 792 288 effici
819 250 867 288 sit
884 251 1019 289 inutile
1037 251 1097 289 vel
1121 252 1156 289 ei
1179 252 1241 290 cui
1258 265 1347 303 pro-

238 305 399 343 missum
417 304 479 351 sit,
499 305 558 342 vel
577 304 611 341 ei
630 303 697 355 qui
714 304 938 355 promiserit.
974 305 1081 342 Nam
1100 305 1131 342 si
1151 311 1212 348 (ut
1228 306 1269 343 in
1288 305 1346 343 fa-

237 358 339 396 bulis
357 366 428 405 est)
449 359 669 409 Neptunus,
695 357 799 409 quod
827 357 978 396 Theseo
1003 359 1240 409 promiserat,
1268 371 1346 398 non

233 412 393 459 fecisset,
422 412 594 450 Theseus
619 411 697 449 filio
718 411 930 462 Hippolyto
954 425 1031 450 non
1057 420 1152 450 esset
1177 413 1344 451 orbatus.

236 466 301 504 Ex
320 465 439 504 tribus
465 466 567 503 enim
590 465 741 515 optatis,
768 469 829 508 (ut
853 466 1043 527 scribitur)
1068 465 1139 504 hoc
1167 473 1247 504 erat
1269 476 1345 504 ter-

232 519 347 566 tium,
368 519 477 579 quod·
490 519 536 556 de
552 518 778 579 Hippolyti
768 519 922 557 interitu
941 519 1059 557 iratus
1076 519 1244 570 optavit:
1265 533 1344 571 quo

230 573 448 624 impetrato,
467 572 506 609 in
526 572 714 610 maximos
732 573 856 610 luctus
873 573 1016 611 incidit.
1057 573 1142 611 Nec
1159 574 1344 635 promissa

230 626 348 687 igitur
366 625 548 664 servanda
566 633 655 663 311111
674 639 731 686 03,
751 639 838 677 quae
856 626 931 664 sint
951 627 1012 671 iis,
1032 627 1172 677 quibus
1197 627 1340 678 promi-

228 680 333 727 seris,
362 679 536 717 inutilia·
568 691 650 726 nec,
677 680 708 716 si
733 680 821 730 plus
845 679 915 718 tibi
939 688 1111 728 nocoent,
1139 693 1258 732 quam
1282 681 1339 719 1111

227 734 387 784 prosint,
414 734 476 772 cui
500 733 729 784 promiseris,
761 740 891 771 contra
916 733 1084 772 officium
1109 742 1179 794 oet,
1211 735 1338 783 majus

227 788 407 838 anteponi
425 786 588 824 minori:
618 793 676 833 ut,
703 786 735 823 si
760 786 994 825 constitueris
1019 795 1057 825 te
1075 787 1241 838 cuipiam
1270 788 1337 826 ad-

226 849 402 879 vocatum
421 841 461 878 in
481 852 561 878 rem
575 847 800 891 prementem
818 853 895 878 esse
914 848 1132 888 venturum,
1144 849 1261 892 atque
1278 841 1338 879 in-

224 895 336 932 terim
355 895 519 946 graviter
537 900 716 944 aegrotare
735 892 836 931 filius
854 895 1020 945 eoeperit,
1039 907 1116 932 non
1142 895 1190 932 sit
1207 902 1338 934 contra

223 948 406 1009 oflicium,
438 960 514 987 non
543 947 678 994 facere,
709 946 814 998 quod
837 947 1002 992 dixeris,
1032 948 1230 1010 magisque
1254 949 1334 997 ille,

223 1002 285 1040 cui
304 1002 533 1054 promissum
553 1001 614 1049 sit,
642 1002 690 1037 ab
710 1000 832 1038 officio
857 1000 1037 1062 discedat,
1063 1003 1095 1039 31
1118 1015 1158 1040 30
1178 1001 1335 1041 doetitu-

220 1063 305 1093 tum
325 1064 517 1107 queratur.
546 1055 575 1093 J
578 1067 665 1092 am
654 1054 730 1092 11113
744 1054 938 1105 promissis
953 1054 1132 1093 standum
1149 1068 1225 1093 non
1240 1069 1333 1104 aese,

220 1110 306 1160 quis
325 1122 402 1148 non
420 1109 537 1156 videt,
558 1121 645 1159 quae
663 1115 812 1146 coactus
837 1108 923 1159 quis
948 1116 1069 1155 metu,
1065 1122 1176 1199 lquae
1199 1109 1334 1172 deeep-

219 1171 281 1201 tus
312 1163 415 1211 dolo,
448 1162 684 1214 promiserit
675 1164 693 1189 ’θ
733 1175 820 1212 quae
851 1161 1007 1212 quidem
1038 1163 1081 1213 pl
1082 1175 1220 1214 eraque
1247 1165 1335 1214 jure

219 1217 394 1268 praetorio
411 1216 634 1263 liberantur,
655 1215 841 1253 nonnulla
857 1215 1018 1266 legibus.

269 1270 474 1309 Exsistunt
492 1270 607 1307 etiam
633 1281 731 1320 saepe
753 1268 904 1317 injuriae
928 1268 1121 1307 calumnia
1144 1270 1329 1331 quadam,

216 1331 254 1362 01
272 1325 387 1362 11111113
412 1323 563 1370 callida,
590 1323 654 1361 sed
679 1322 868 1360 malitiosa
890 1323 987 1371 juris
1010 1323 1329 1396 interpretatione.

215 1379 281 1417 Ex
311 1391 388 1429 quo
418 1377 530 1425 illud,
573 1380 600 1399 “
621 1378 829 1415 Summum
861 1377 926 1426 jus
963 1389 1115 1414 summa
1146 1377 1329 1440 injuria,”

212 1433 359 1470 factum
377 1439 433 1470 est
449 1433 530 1492 jam
549 1431 683 1469 tritum
703 1442 873 1468 sermone
891 1430 1146 1482 proverbium.
1176 1431 1300 1478 Quo
1288 1445 1329 1470 111

212 1499 350 1537 genere
369 1486 483 1523 etiam
502 1485 543 1523 in
562 1498 602 1523 re
619 1484 775 1535 publica
792 1484 917 1522 multa
934 1493 1161 1535 peccantur:
1185 1492 1228 1522 ut
1246 1485 1326 1534 ille,

211 1540 295 1591 qui,
323 1553 413 1577 011111
441 1539 597 1590 111811113
625 1539 774 1576 dierum
807 1546 928 1578 essent
957 1551 1046 1576 cum
1076 1538 1182 1576 hoste
1206 1546 1327 1589 pactae

209 1593 386 1642 induciae,
395 1601 508 1632 noctu
523 1593 779 1644 populabatur
793 1605 916 1643 agros,
929 1591 1033 1643 quod
1045 1592 1193 1630 dierum
1205 1601 1327 1632 essent

210 1655 344 1699 pactae,
360 1660 438 1686 non
452 1647 637 1695 noctium,
651 1645 824 1684 induciae.
854 1646 916 1684 Ne
930 1652 1055 1684 noster
1068 1646 1224 1697 quidem
1238 1660 1326 1698 pro-

212 1702 376 1748 bandus,
403 1702 434 1739 si
460 1713 594 1739 verum
618 1708 687 1747 est,
713 1700 765 1747 Q.
795 1699 961 1738 Fabium
991 1699 1226 1748 Labeonem,
1257 1714 1323 1740 seu

206 1769 324 1807 quem
343 1756 478 1803 alium,
499 1754 613 1797 (nihil
638 1754 740 1792 enim
759 1763 895 1805 praeter
913 1753 1088 1792 auditum
1107 1754 1246 1801 habeo)
1264 1767 1325 1793 ar-

208 1810 353 1848 bitrum
375 1809 538 1847 Nolanis
563 1816 600 1846 et
619 1808 884 1859 Neapolitanis
909 1807 957 1846 de
980 1807 1121 1846 finibus
1143 1820 1166 1845 a
1191 1816 1322 1846 senatu

204 1864 354 1910 datum,
377 1876 465 1902 cum
485 1863 533 1901 ad
551 1863 680 1900 locum
694 1862 868 1908 venisset,
886 1874 974 1900 cum
989 1861 1160 1912 utrisque
1173 1874 1323 1913 separa-

203 1918 276 1955 tim
295 1918 482 1965 locutum,
503 1924 547 1954 ut
564 1928 613 1954 ne
631 1915 768 1967 cupide
785 1915 880 1967 quid
897 1923 1065 1966 agerent,
1080 1927 1129 1953 ne
1141 1923 1322 1966 appeten-

205 1979 276 2018 ter,
296 1979 412 2022 atque
430 1979 474 2009 ut
491 1969 638 2021 regredi
649 1982 766 2020 quam
781 1969 957 2021 progredi
969 1969 1139 2007 mallent.
1169 1968 1217 2007 ld
1231 1981 1321 2007 cum

207 2025 358 2076 utrique
377 2025 563 2071 fecissent,
584 2024 824 2075 aliquantum
843 2023 925 2073 agri
943 2023 982 2060 in
1002 2022 1128 2060 medio
1146 2023 1320 2061 relictum

205 2088 273 2118 est.
304 2079 440 2130 Itaque
459 2079 612 2116 illorum
639 2078 745 2123 fines,
772 2077 869 2115 sicut
892 2077 963 2128 ipsi
982 2076 1170 2122 dixerant,
1192 2077 1319 2114 termi-

206 2133 334 2173 navit:
366 2132 405 2171 in
425 2132 551 2172 medio
568 2131 742 2171 relictum
757 2131 860 2184 quod
875 2138 967 2179 erat,
983 2131 1126 2183 populo
1145 2131 1322 2170 Romano
