1470 2402
251 104 330 147 DE
349 106 768 159 DIVINATIONE,
788 107 889 149 Iani.
906 107 965 148 11.
986 107 1092 150 cst.
1111 108 1176 147 45.
1232 106 1285 152 87

170 212 297 253 videre
310 215 510 255 debebant.
539 215 663 256 Docet
681 217 784 256 enim
802 217 899 256 ratio
911 215 1284 263 mathematicorum,

167 280 288 319 quam
305 269 386 308 istis
403 278 534 309 notam
553 284 632 309 esse
657 273 867 322 oportebat,
899 271 1045 322 quanta
1069 269 1287 307 humilitate

167 322 263 360 luna
280 322 436 371 feratur,
456 332 596 363 terram
610 337 718 376 paene
732 325 953 375 contingens
967 339 979 371 ς
1010 332 1199 375 quantum
1218 324 1287 360 ab-

167 375 218 413 sit
235 389 258 414 a
281 377 458 428 proxima
482 379 669 417 Mercurii
694 379 816 426 stella,
843 379 967 416 multo
986 386 1115 416 autem
1132 376 1285 427 longius

167 442 194 466 a
212 429 385 478 Veneris,
415 431 551 471 deinde
576 433 650 471 alio
675 433 874 471 intervallo
893 432 1004 470 distet
1023 445 1046 469 a
1064 431 1154 477 sole,
1175 431 1285 478 cujus

168 482 317 522 lumine
343 485 553 524 collustrari
570 494 738 538 putatur.
786 486 954 538 Reliqua
973 498 1060 524 vero
1079 484 1151 522 tria
1169 484 1285 521 inter-

169 537 284 585 valla,
313 538 461 577 infinita
481 548 517 578 et
535 541 736 587 immensa,
757 554 779 578 a
793 541 870 578 sole
888 540 937 577 ad
956 538 1109 585 Martis,
1130 537 1218 575 inde
1237 537 1287 574 ad

165 590 292 639 Jovis,
321 594 369 630 ab
388 606 431 631 eo
449 593 498 631 ad
517 594 672 633 Saturni
698 595 861 640 stellam,
892 593 982 632 inde
1001 593 1049 631 ad
1069 593 1206 630 coelum
1225 591 1285 642 ip-

166 657 268 693 sum,
298 646 402 697 quod
434 655 648 686 extremum
682 656 796 700 atque
828 648 1012 686 ultimum
1043 645 1181 684 mundi
1214 652 1283 683 est.

165 697 269 745 Quae
296 708 420 751 potest
443 701 561 752 igitur
585 702 757 754 contagio
783 715 829 740 ex
857 702 1007 739 infinito
1032 713 1140 752 paene
1166 699 1285 736 inter-

164 753 266 790 vallo
284 755 470 805 pertinere
489 756 537 793 ad
555 757 704 805 lunam,
725 757 785 794 vel
803 756 932 807 potius
951 755 1000 792 ad
1018 763 1157 793 terram
1172 755 1190 791 ?

218 806 375 846 XLIV.
406 808 545 856 Quid?
581 823 668 848 cum
702 810 834 848 dicunt
864 809 918 857 id,
950 809 1054 860 quod
1086 808 1131 846 iis
1161 806 1283 845 dicere

162 870 311 899 necesse
339 870 406 911 est,
436 876 566 901 omnes
592 864 766 902 omnium
792 872 910 909 ortus,
941 863 1173 914 quicumque
1199 860 1285 912 gig-

161 922 304 952 nantur
333 916 373 953 in
398 917 503 955 omni
529 918 629 956 terra
657 931 743 969 quae
767 917 968 965 incolatur,
999 916 1149 955 eosdem
1176 928 1280 961 esse;

160 968 371 1021 eademque
396 971 588 1019 omnibus,
616 972 684 1024 qui
707 971 840 1010 eodem
866 979 966 1009 statu
996 970 1078 1009 coeli
1098 977 1136 1008 et
1155 969 1283 1007 stella-

160 1033 250 1059 rum
268 1024 348 1061 nati
366 1023 454 1072 sint,
475 1026 642 1064 accidere
659 1039 807 1064 necesse
825 1038 928 1071 esse3
949 1036 1075 1062 nonne
1094 1022 1282 1074 ejusmodi

159 1083 264 1124 sunt,
293 1085 338 1115 ut
366 1091 415 1116 ne
445 1079 527 1117 coeli
557 1080 713 1131 quidem
742 1087 921 1118 naturam
945 1078 1165 1129 interpretes
1190 1076 1282 1114 istos

159 1130 244 1167 coeli
268 1133 378 1170 nosse
405 1133 614 1184 appareat?
643 1134 746 1173 Cum
774 1134 877 1172 enim
896 1132 954 1170 illi
978 1134 1100 1180 orbes,
1122 1131 1189 1183 qui
1209 1143 1282 1168 coe-

157 1182 243 1221 lum
261 1187 371 1236 quasi
395 1187 567 1225 medium
592 1187 783 1236 dividunt,
811 1196 848 1226 et
866 1187 1087 1238 adspectum
1106 1193 1281 1224 nostrum

158 1237 361 1288 definiunt,
376 1241 460 1292 (qui
478 1254 501 1279 a
514 1241 658 1281 Graecis
675 1244 876 1292 Ὁριζοντες
887 1241 1148 1286 nominantur,
1171 1253 1194 1277 a
1211 1251 1282 1276 no·-

157 1291 217 1329 bis
228 1294 431 1333 Finientes
448 1296 653 1334 rectissime
667 1295 857 1334 nominari
871 1302 1045 1347 possunt)
1059 1294 1280 1332 varietatem

156 1347 371 1386 maximam
384 1348 564 1397 habeant,
585 1350 727 1401 aliique
741 1349 782 1387 in
800 1349 884 1387 aliis
902 1349 993 1387 locis
1013 1349 1112 1393 sint3
1134 1359 1284 1385 necesse

156 1407 227 1448 επεὶ,
256 1409 360 1440 ortus
386 1416 615 1455 occasusque
640 1404 808 1442 siderum
826 1415 903 1441 non
922 1402 1005 1441 fieri
1030 1402 1162 1440 eodem
1182 1409 1282 1439 tem-

154 1466 247 1505 pore
273 1456 377 1507 apud
402 1470 546 1496 omnes.
584 1457 703 1506 Quod
721 1458 752 1496 si
780 1469 912 1496 eorum
939 1457 978 1495 vi
1003 1456 1140 1494 coelum
1164 1454 1281 1493 modo

153 1508 242 1558 hoc,
271 1510 386 1548 modo
408 1511 476 1549 illo
499 1511 615 1550 modo
634 1519 881 1563 temperatur,
911 1512 980 1561 qui
1003 1517 1126 1561 potest
1145 1508 1279 1547 eadem

152 1561 210 1600 vis
225 1576 303 1602 esse
321 1565 574 1613 nascentium,
590 1578 679 1604 cum
695 1565 777 1604 coeli
791 1573 897 1603 tanta
913 1564 961 1602 sit
975 1562 1244 1601 dissimilitudo
1258 1564 1278 1600 ¹?

153 1615 205 1654 In
224 1617 284 1655 his
302 1618 407 1666 locis,
435 1632 523 1671 quae
549 1632 618 1658 nos
642 1619 858 1667 incolimus,
878 1626 965 1670 post
982 1617 1186 1656 solstitium
1206 1616 1280 1654 Ca-

153 1669 284 1709 nicula
315 1672 497 1722 exoritur,
539 1680 577 1711 et
608 1673 765 1725 quidem
797 1673 944 1724 aliquot
975 1672 1133 1709 diebus:
1175 1669 1281 1721 apud

153 1723 425 1777 Troglodytas,
446 1735 491 1765 ut
505 1727 694 1775 scribitur,
715 1734 804 1765 ante
819 1726 1048 1764 solstitium:
1069 1732 1128 1773 ut,
1148 1724 1179 1762 si
1195 1725 1279 1773 jam

153 1779 420 1827 concedamus,
450 1780 597 1832 aliquid
624 1781 705 1819 vim
733 1781 922 1819 coelestem
952 1778 1002 1816 ad.
1031 1791 1108 1826 eos,
1138 1778 1207 1829 qui
1237 1776 1281 1815 in

155 1831 254 1870 terra
272 1833 498 1884 gignuntur,
527 1834 728 1885 pertinere,
748 1833 1007 1872 confitendum
1023 1832 1071 1870 sit
1088 1831 1178 1878 illis,
1199 1843 1278 1879 eos,

151 1886 224 1937 qui
242 1895 446 1925 nascantur
463 1888 596 1926 eodem
615 1896 799 1939 tempore,
819 1900 928 1938 posse
945 1887 986 1924 in
1004 1885 1205 1924 dissimiles
1219 1885 1279 1922 in-

152 1940 276 1979 cidere
294 1949 449 1979 naturas
476 1949 630 1993 propter
648 1942 731 1980 coeli
749 1940 1109 1979 dissimilitudinem.
1158 1938 1277 1986 Quod

151 1994 314 2032 minime
331 1995 407 2032 illis
425 1996 560 2047 placet.
602 1995 754 2034 Volunt
772 1995 875 2033 enim
893 1994 964 2043 illi,
992 2007 1124 2032 omnes
1143 1992 1277 2031 eodem

151 2054 324 2108 tempore
348 2056 463 2099 ortos,
496 2049 564 2102 qui
588 2049 734 2101 ubique
759 2049 836 2088 sint
859 2048 954 2098 nati,
986 2047 1121 2086 eadem
1146 2045 1278 2086 condi-

153 2108 258 2140 tione
277 2102 393 2141 nasci.

202 2155 337 2195 XLV·
367 2155 444 2196 Sed
469 2170 557 2209 quae
581 2163 689 2196 tanta
712 2156 906 2196 dementia
931 2162 1002 2203 est,
1027 2162 1086 2202 ut,
1104 2154 1146 2192 in
1163 2166 1276 2192 max-

150 2208 240 2251 imis
267 2210 438 2253 motibus
469 2211 824 2264 mutationibusque
856 2210 954 2260 coeli,
983 2209 1082 2249 nihil
1113 2207 1279 2256 intersit,
