1470 2402
258 65 312 104 38
366 63 445 103 DE
465 61 884 114 DIVINATIONE,
904 62 1005 104 1113.
1021 63 1057 103 Ι.
1078 62 1184 104 ΟΑΡ.
1196 63 1263 102 43.

260 173 368 211 Nam
388 179 426 211 et
442 171 700 211 Athenienses
724 172 903 211 omnibus
925 184 1074 224 semper
1096 171 1260 224 publicis
1283 182 1374 210 oon-

259 227 352 266 siliis
369 227 516 265 divinos
541 227 727 278 quosdam
751 227 959 265 sacerdotes
985 229 1098 278 (quos
1123 233 1282 270 Μαντεις
1304 237 1378 263 vo-

259 287 364 329 cant)
397 281 680 319 adhibuerunt·
669 308 681 326 ‚
726 287 763 318 et
795 280 1077 319 Lacedaemonii
1111 279 1265 331 regibus
1295 278 1375 317 suis

259 347 446 395 augurem
465 347 686 373 assessorem
706 334 916 380 dederunt3
946 335 1117 385 itemque
1133 333 1286 372 senibus
1305 332 1376 375 (sic

259 389 363 427 enim
382 389 583 426 5011511111111
603 388 803 439 publicum
821 389 1031 440 appellant)
1051 400 1238 439 augurem
1259 387 1377 425 inter-

259 455 338 481 esse
355 442 581 480 voluerunt:
610 442 816 493 iidemque,
836 442 883 480 de
901 444 1014 480 rebus
1031 442 1255 491 majoribus,
1275 453 1375 479 sem-

258 510 327 547 per
345 503 412 534 aut
430 495 593 547 Delphis
612 496 823 543 oraculum,
844 503 912 534 aut
929 498 978 534 ab
998 496 1234 543 Hammone,
1260 502 1329 533 aut
1353 507 1377 533 a

257 550 438 597 Dodona,
458 552 648 601 petebant.
689 550 891 600 Lycurgus
909 550 1080 601 quidem,
1101 549 1169 601 qui
1194 549 1376 587 Lacedae-

257 604 476 642 moniorum
495 603 772 655 rempublicam
792 603 1029 655 temperavit,
1048 604 1151 654 leges
1173 616 1260 641 suas
1284 615 1375 641 aue-

258 659 407 696 toritate
431 657 626 709 Apollinis
655 657 835 708 Delphici
863 657 1124 696 confirmavit:
1159 670 1256 709 quas
1283 669 1373 695 cum

257 711 371 750 vellet
401 711 598 762 Lysander
628 718 876 759 commutare,
910 711 1044 748 eadem
1076 718 1131 749 est
1157 710 1375 762 prohibitus

256 765 450 816 religione.
479 766 614 816 Atque
630 764 758 813 etiam,
775 765 843 816 qui
857 773 1043 816 praeerant
1057 764 1372 812 Lacedaemoniis,

256 831 334 857 non
361 819 527 857 contenti
557 818 802 869 vigilantibus
831 819 944 866 curis,
971 818 1011 856 in
1038 819 1240 870 Pasiphaae
1265 818 1371 865 fano,

256 873 362 924 quod
391 881 447 911 est
475 872 515 910 in
546 885 637 933 agro
666 880 820 923 propter
844 874 994 920 urbem,
1020 872 1236 911 somniandi
1260 873 1374 911 causa

256 929 510 974 excubabant,
532 926 623 988 quia
641 939 729 964 vera
748 927 885 978 quietis
903 927 1055 965 oracula
1072 926 1275 965 ducebant.

310 981 379 1018 Ad
398 988 524 1019 nostra
539 981 622 1030 jam
641 979 762 1018 redeo.
793 980 954 1027 Quoties
972 987 1124 1019 senatus
1141 980 1372 1019 decemviros

255 1034 305 1072 ad
337 1035 453 1073 libros
484 1033 538 1072 ire
565 1033 703 1083 jussit!
743 1032 915 1085 [quantis
944 1034 985 1072 in
1015 1036 1143 1082 rebus,
1174 1047 1372 1086 quamque

256 1102 369 1140 saepe,
397 1087 583 1139 responsis
608 1087 854 1138 haruspicum
879 1088 1006 1139 paruit
1021 1088 1054 1140 !]
1086 1088 1194 1126 Nam
1218 1096 1255 1127 et
1281 1101 1372 1128 cum

254 1142 332 1181 duo
352 1142 422 1180 visi
441 1142 536 1180 soles
555 1149 690 1188 essent,
710 1150 747 1180 et
765 1154 854 1180 cum
872 1150 946 1180 tres
964 1142 1081 1191 lunae,
1101 1149 1139 1180 et
1152 1155 1242 1181 cum
1256 1143 1370 1190 faces,

253 1203 293 1235 et
312 1209 401 1235 cum
419 1196 475 1234 sol
493 1204 601 1234 nocte
620 1195 722 1233 visus
740 1205 848 1244 esset,
876 1203 914 1234 et
938 1209 1027 1234 cum
1046 1209 1067 1234 e
1085 1196 1177 1234 coelo
1195 1196 1371 1235 fremitus

254 1251 421 1298 auditus,
443 1259 480 1289 et
505 1263 592 1288 cum
619 1250 757 1287 coelum
782 1249 990 1289 discessisse
1016 1251 1141 1289 visum
1166 1258 1235 1298 est,
1255 1259 1372 1302 atque

252 1304 293 1342 in
317 1317 360 1342 eo
386 1304 637 1342 animadversi
661 1303 777 1354 globi.
817 1303 957 1342 Delata
979 1304 1094 1342 etiam
1119 1303 1168 1342 ad
1194 1312 1369 1343 senatum

252 1358 358 1396 labes
376 1359 458 1409 agri
478 1358 722 1404 Privernatis,
743 1369 831 1395 cum
851 1358 899 1396 ad
917 1358 1108 1396 infinitam
1126 1357 1370 1397 altitudinem

252 1419 352 1450 terra
376 1412 590 1460 desedisset,
613 1411 838 1463 Apuliaque
862 1412 1043 1450 maximis
1068 1420 1176 1450 terrae
1198 1413 1367 1451 motibus

252 1474 501 1518 conquassata
525 1474 644 1504 esset:
680 1466 819 1518 quibus
847 1466 1028 1517 portentis
1055 1478 1198 1517 magna
1223 1467 1369 1518 populo

254 1519 433 1558 Romano
460 1521 574 1568 bella,
600 1520 894 1571 perniciosaeque
923 1519 1135 1566 seditiones,
1165 1520 1368 1558 denuntia-

251 1574 418 1612 bantur:
453 1575 571 1626 inque
602 1574 662 1612 his
691 1574 883 1620 omnibus,
915 1587 1094 1625 responsa
1119 1574 1366 1626 haruspicum

249 1640 337 1666 cum
359 1629 517 1679 Sibyllae
536 1629 704 1666 versibus
723 1630 991 1678 congruebant.

303 1681 427 1729 Quid,
447 1695 536 1720 cum
563 1682 697 1720 Cumis
718 1681 865 1732 Apollo
884 1681 1047 1728 sudavit,
1069 1681 1213 1733 Capuae
1232 1681 1366 1721 Victo-

249 1735 336 1773 ria?
364 1735 458 1787 quid
479 1744 584 1774 ortus
606 1735 850 1787 androgyni?
879 1748 1005 1774 11011115
1029 1736 1145 1774 fatale
1169 1736 1365 1788 quoddam

248 1796 463 1827 monstrum
483 1789 584 1828 fuit?
615 1789 737 1838 Quid,
752 1789 857 1841 quod
871 1789 1010 1828 fluvius
1023 1797 1166 1827 atratus
1181 1790 1366 1841 sanguine

249 1842 389 1882 fluxit?
414 1843 535 1891 Quid,
552 1856 640 1881 cum
661 1856 760 1895 saepe
773 1843 961 1894 lapidum,
978 1843 1173 1895 sanguinis
1186 1856 1365 1882 nonnun-

249 1909 383 1948 quam,
404 1904 511 1935 terrae
530 1897 737 1959 interdum,
755 1897 950 1949 quondam
970 1897 1085 1936 etiam
1103 1898 1225 1944 lactis,
1241 1898 1365 1936 imber

249 1950 439 1988 defluxit
425 1960 441 1989 ,ν
471 1951 592 1998 Quid,
613 1964 702 1989 cum
721 1952 761 1989 in
781 1951 970 2002 Capitolio
992 1952 1090 1990 ictus
1109 1951 1324 1990 Centaurus
1343 1965 1365 1990 e

248 2005 342 2043 caelo
360 2006 446 2043 est?
475 2005 515 2042 in
534 2005 729 2043 Aventino
752 2013 871 2056 portae
896 2014 933 2043 et
956 2005 1129 2044 homines
1143 2007 1162 2043 ,⁹
1201 2005 1365 2044 Tusculi

247 2058 346 2097 aedes
365 2058 530 2097 Castoris
549 2067 585 2096 et
602 2059 783 2107 Pollucis,
800 2060 1013 2111 Romaeque
1029 2059 1209 2097 Pietatis?
1236 2072 1364 2098 nonne

247 2120 284 2151 et
302 2113 519 2164 haruspices
537 2125 581 2150 ea
599 2113 886 2164 responderunt,
907 2127 994 2165 quae
1020 2121 1239 2160 evenerunt,
1260 2121 1297 2152 et
1322 2113 1362 2152 in

247 2166 406 2218 Sibyllae
422 2167 529 2207 libris
548 2167 690 2206 eaedem
708 2175 866 2219 repertae
883 2167 1142 2220 praedictiones
1161 2175 1250 2208 sunt
1263 2170 1281 2207 Ρ
