1470 2402
212 103 296 142 280
347 124 350 125 ν
384 102 464 143 DE
493 103 759 155 OFFICIIS,
781 103 883 144 Iam.
900 102 962 144 11.
981 102 1090 143 CAP.
1113 102 1177 142 19.

211 211 370 251 honeste
387 226 497 265 posse
513 214 685 252 multum
703 213 853 263 volunt,
872 226 942 265 per
958 212 1126 264 hospites
1143 207 1248 262 apud
1271 217 1339 246 ex*-
1409 220 1418 224 ⁷

212 274 339 305 ternos
352 269 515 320 populos
534 268 659 307 valere
676 268 814 320 opibus
833 275 871 306 et
884 267 1020 319 gratia„
1049 265 1339 317 Theophrastus

212 320 370 371 quidem
390 323 532 371 scribit,
560 323 765 362 Cimonem
783 322 952 361 Athenis
970 321 1085 360 etiam
1104 321 1143 358 in
1164 331 1252 358 suos
1269 329 1338 355 cu-

213 374 325 413 riales
352 376 538 416 Laciadas
561 377 789 428 hospitalem
814 376 958 415 fuisse:
989 376 1044 414 ita
1065 375 1168 414 enim
1189 371 1341 411 institu-

213 428 301 491 isse,
331 438 369 469 et
399 431 534 470 villicis
560 432 818 483 imperavisse,
843 438 888 469 ut
912 430 1044 469 omnia
1067 430 1341 482 praeberentur,

216 484 455 537 quicumque
475 486 689 524 Laciades
678 499 718 524 in
738 486 871 524 villam
890 498 1000 524 suam
1020 483 1242 522 divertisset.

271 539 391 578 XIX.
423 540 525 588 Quae
554 548 685 578 autem
714 553 844 602 opera,
875 552 953 578 non
981 538 1197 590 largitione,
1227 537 1345 574 bene-

215 593 302 631 ficia
330 594 484 641 dantur,
521 595 603 634 haec
628 602 734 633 tum
743 595 784 632 in
807 595 1025 633 universam
1049 590 1344 654 rempublioem,

214 655 301 686 tum
312 648 352 686 in
373 649 542 700 singulos
563 649 674 697 cives,
695 649 954 688 conferuntur.
985 648 1093 686 Nam
1115 647 1156 684 in
1172 647 1260 696 J'ure
1281 655 1345 682 ca-

214 715 315 750 vere,
337 703 524 741 consilio
509 717 658 752 juvare,
678 712 794 756 atque
818 703 892 742 hoc
910 702 1076 741 scientiae
1100 713 1237 753 genere
1255 709 1345 750 pro-

220 755 328 795 desse
346 770 465 809 quam
484 758 676 809 plurimis,
706 759 950 796 vehementer
968 765 1006 795 et
1024 755 1074 794 ad
1092 768 1182 807 opes
1200 764 1346 805 augen-

215 810 283 849 das
303 811 480 863 pertinet,
502 820 539 850 et
557 813 607 851 ad
626 813 802 864 gratiam.
833 812 988 864 Itaque,
1004 823 1094 850 cum
1108 809 1234 847 multa
1246 820 1345 870 prae-

214 865 317 904 clara
354 867 562 916 majorum,
598 875 682 905 tum
713 866 818 919 quod
847 866 992 918 optime
1022 863 1219 904 constituti
1247 861 1346 912 juris

215 920 336 959 civilis
357 934 511 960 summo
529 935 680 974 semper
704 922 744 960 in
769 922 912 960 honore
936 920 1011 958 fuit
1036 918 1202 971 cognitio
1229 924 1347 968 atque

214 974 480 1037 interpretatio
507 980 644 1028 (quam
663 976 836 1041 quidem,
857 982 945 1014 ante
963 975 1064 1014 hanc
1081 971 1345 1012 confusionem

215 1036 450 1081 temporum,
469 1030 510 1068 in
529 1031 761 1082 possessione
773 1044 842 1069 sua
857 1029 1047 1082 princip&
1059 1027 1344 1073 retinuerunt)·
1331 1052 1345 1070 ‚

215 1094 333 1132 nunc,
355 1091 400 1122 ut
417 1085 592 1134 honores,
606 1092 651 1123 ut
669 1098 802 1124 omnes
813 1084 1011 1136 dignitatis
1029 1081 1185 1134 gradus,
1198 1080 1252 1119 sic
1270 1079 1346 1117 hu-

211 1138 279 1187 jus
297 1138 463 1177 scientiae
482 1139 659 1190 splendor
673 1139 820 1178 deletus
839 1147 919 1177 est·
949 1137 1067 1189 idque
1078 1133 1345 1196 eoindignius,

215 1193 320 1244 quod
340 1205 383 1231 eo
399 1201 569 1245 tempore
583 1194 655 1232 hoc
669 1193 843 1245 contigit,
859 1205 949 1232 cum
961 1192 992 1230 is
1005 1198 1115 1238 esset,
1129 1189 1197 1255 qui
1211 1200 1345 1227 omnes

215 1247 440 1308 superiores,
473 1248 614 1309 quibus
642 1248 786 1286 honore
812 1260 882 1299 par
906 1254 1015 1292 esset,
1046 1243 1204 1284 scientia
1234 1241 1346 1281 facile

215 1300 377 1340 vicisset.
427 1302 524 1341 Haec
543 1303 661 1353 igitur
680 1315 795 1353 opera
812 1311 921 1353 grata
939 1299 1087 1346 multis,
1107 1308 1145 1337 et
1163 1297 1213 1336 ad
1230 1298 1347 1336 bene-

215 1354 311 1393 ficiis
329 1357 620 1418 obstringendos
634 1356 809 1394 homines
829 1354 1127 1394 accommodata.

270 1409 407 1462 Atque
425 1410 516 1448 huic
534 1411 606 1448 arti
626 1410 790 1448 finitima
809 1417 865 1448 est
883 1408 1033 1448 dicendi
1052 1406 1202 1459 gravior
1221 1404 1345 1444 facul-

216 1470 288 1511 tas,
320 1472 358 1502 et
389 1465 545 1515 gratior,
578 1472 615 1503 et
641 1465 819 1503 ornatior.
851 1463 960 1513 Quid
991 1463 1094 1502 enim
1126 1459 1347 1513 eloquentia

216 1518 485 1570 praestabilius,
520 1519 581 1558 vel
609 1518 861 1558 admiratione
897 1517 1154 1564 audientium,
1185 1514 1247 1553 vel
1271 1525 1345 1580 ‘spe

217 1573 490 1625 indigentium,
521 1574 581 1611 vel
609 1586 757 1622 eorum,
787 1572 855 1625 qui
883 1572 1029 1611 defensi
1059 1577 1163 1617 sunt,
1183 1567 1346 1620 gratia?

218 1626 327 1666 Huic
345 1640 500 1680 quoque
519 1641 608 1689 ergo
636 1641 660 1666 a
683 1628 894 1678 majoribus
920 1626 1057 1666 nostris
1080 1631 1150 1672 est,
1176 1623 1217 1661 in
1242 1622 1348 1674 toga,

218 1681 417 1743 dignitatis
453 1682 689 1734 principatus
719 1682 842 1720 datus.
903 1680 1049 1719 Diserti
1082 1679 1200 1741 igitur
1224 1676 1351 1715 homi-

219 1736 294 1785 nis,
315 1744 353 1774 et
371 1735 482 1774 facile
499 1736 722 1785 laborantis,
742 1736 953 1788 quodque
943 1748 984 1773 ιιι
1006 1734 1140 1787 patriis
1158 1738 1214 1772 est
1232 1729 1350 1769 mori-

221 1792 309 1837 bus,
329 1790 543 1828 multorum
570 1803 716 1839 causas,
737 1800 774 1829 et
800 1803 880 1829 non
908 1796 1078 1851 gravate,
1112 1794 1151 1826 et
1181 1784 1350 1837 gratuito

221 1844 475 1891 defendentis,
496 1844 680 1883 beneficia
694 1852 730 1883 et
750 1844 960 1896 patrocinia
976 1844 1053 1881 late
1071 1847 1215 1903 patent.

276 1899 527 1938 Admonebat
539 1911 602 1937 me
614 1913 686 1947 res,
699 1906 744 1937 ut
754 1899 826 1937 hoc
841 1910 996 1951 quoque
1008 1898 1092 1936 loeo
1105 1892 1353 1934 intermissio-

221 1965 311 1991 nem
327 1952 567 2004 eloquentiae,
581 1965 629 1991 ne
643 1953 768 1991 dicam
786 1953 1000 2001 interitum,
1012 1951 1280 2002 deplorarem;
1309 1947 1351 1985 ni

220 2019 381 2054 vererer,
398 2020 446 2046 ne
458 2007 506 2045 de
517 2008 664 2059 meipso
675 2007 822 2069 aliquid
836 2007 980 2045 viderer
993 2005 1113 2058 queri.
1130 2002 1206 2042 Sed
1221 2009 1352 2040 tamen

219 2061 413 2110 videmus,
433 2062 575 2113 quibus
593 2061 789 2100 exstinctis
808 2061 1036 2107 oratoribus,
1056 2070 1175 2110 quam
1194 2056 1235 2094 in
1254 2068 1353 2107 pau-

219 2115 275 2153 cis
303 2128 403 2177 spes,
434 2123 580 2168 quanto
611 2116 652 2154 in
680 2115 924 2167 paucioribus
954 2114 1129 2160 facultas,
1161 2123 1289 2171 quam
1307 2108 1350 2147 in

221 2169 357 2207 multis
375 2169 424 2208 sit
441 2169 614 2208 audacia.
655 2169 760 2209 Cum
785 2177 918 2208 autem
942 2180 1076 2207 omnes
1093 2178 1171 2204 non
1190 2163 1352 2216 possint,

222 2234 272 2261 ne
304 2223 421 2262 multi
451 2223 627 2276 quidem,
647 2231 717 2264 aut
742 2222 954 2276 jurisperiti
986 2234 1066 2262 esee
1096 2227 1165 2260 aut
1195 2217 1352 2257 diserti
1339 2245 1354 2263 ,
1396 2245 1401 2249 .
