1470 2402
468 65 721 106 TIMAEUS.
753 67 860 108 CAP.
894 69 955 108 13.
1195 70 1278 109 443

148 174 383 215 curriculum
413 175 568 216 vivendi
599 190 623 215 a
651 176 789 216 natura
815 178 951 217 datum
978 178 1195 227 confecerit,
1230 178 1281 218 ad

146 228 246 268 inud
265 238 427 278 astrum,
462 245 631 283 quocum
651 240 764 284 aptus
794 233 922 281 fuerit,
948 241 1166 272 revertetur.
1199 233 1283 282 Qui

147 291 279 322 autem
307 285 560 325 immoderate
586 294 623 324 et
648 286 901 339 intemperate
930 288 1084 337 vixerit,
1109 301 1199 327 eum
1224 302 1282 328 se-

148 338 298 378 cundus
317 348 422 379 ortus
450 339 491 378 in
515 340 681 392 figuram
708 342 939 381 muliebrem
967 343 1195 382 transferet:
1228 351 1280 391 et,

148 392 180 430 si
213 406 261 432 ne
295 402 380 432 tum
411 394 571 447 quidem
604 396 722 434 finem
753 397 933 435 vitiorum
965 397 1090 445 faciet,
1126 397 1282 449 gravius

147 448 264 486 etiam
281 449 489 499 jactabitur
505 464 516 495 ς
549 458 586 489 et
604 450 645 488 in
665 451 743 489 suis
759 452 932 490 moribus
950 452 1166 491 simillimas
1181 452 1283 504 figu-

145 514 206 541 ras
235 503 429 554 pecudum
450 512 487 543 et
506 504 676 543 ferarum
707 506 981 545 transferetur:
1014 520 1139 559 neque
1159 508 1283 545 malo-

145 569 235 595 rum
268 558 477 597 terminum
510 559 618 610 prius
651 560 848 612 adspiciet,
884 575 1002 612 quam
1034 562 1143 600 illam
1174 562 1284 614 sequi

145 612 299 663 coeperit
342 613 641 661 conversionem,
680 628 798 666 quam
833 615 1000 655 habebat
1037 616 1077 654 in
1109 630 1147 655 se
1185 616 1281 668 ipse,

145 666 318 715 ejusdem
349 679 386 706 et
404 669 534 716 unius,
564 669 682 707 simul
702 669 875 708 innatam
905 678 942 708 et
961 670 1130 709 insitam.
1162 670 1282 719 Quod

144 727 229 759 tum
251 722 412 770 eveniet,
434 736 524 762 cum
553 723 635 771 illa,
661 738 749 776 quae
769 737 816 762 ex
836 724 939 776 igne,
961 725 1061 773 ae're,
1083 726 1201 777 aqua,
1223 733 1282 764 at-

143 789 219 826 que
239 777 355 825 terra,
384 778 608 816 turbulenta
628 787 664 816 et
691 779 848 817 rationis
869 780 1039 831 expertia
1058 780 1280 829 insederint,

143 829 310 883 denique
330 832 476 870 ratione
495 833 699 884 depulerit,
729 841 766 871 et
785 833 836 871 ad
856 834 1024 884 primam
1045 842 1161 887 atque
1181 835 1282 888 opti-

142 897 249 924 mam
270 886 509 926 affectionem
529 887 650 926 animi
669 888 895 939 pervenerit.

197 940 325 979 XIII.
351 940 455 989 Quae
474 955 562 980 cum
583 942 637 980 ita
660 942 910 994 designasset,
932 957 1102 996 seseque,
1136 944 1167 982 si
1186 944 1282 996 quid

142 1002 274 1047 postea
284 995 431 1035 fraudis
446 1005 514 1035 aut
526 996 608 1035 vitii
621 997 819 1045 evenisset,
835 1006 943 1037 extra
955 1011 1111 1037 ornnem
1124 999 1282 1051 culpam

145 1063 380 1102 causamque
398 1051 585 1102 posuisset
602 1065 614 1095 ;
646 1052 739 1090 alios
758 1052 798 1090 in
819 1052 954 1101 solem,
969 1055 1062 1092 alios
1075 1054 1114 1092 in
1129 1053 1279 1102 lunam,

141 1105 236 1143 alios
256 1104 295 1143 in
316 1105 482 1158 reliquas
502 1106 641 1144 mundi
671 1117 813 1158 partes,
834 1121 922 1159 quae
952 1116 1042 1147 sunt
1061 1109 1110 1147 ad
1139 1109 1281 1161 spatio-

140 1172 230 1197 rum
250 1161 433 1212 temporis
454 1160 771 1212 significationem
801 1170 903 1201 notae
922 1162 1151 1211 constitutae,
1174 1177 1280 1215 spar-

140 1227 235 1265 gens
264 1215 374 1267 quasi
406 1217 563 1254 serebat.
596 1216 690 1254 Post
709 1224 840 1255 autem
861 1217 1047 1256 sationem
1068 1231 1168 1265 eam,
1191 1218 1280 1257 Diis

143 1270 206 1321 (ut
225 1269 279 1307 ita
298 1268 444 1317 dicam)
473 1271 694 1321 junioribus
713 1271 902 1323 permisit,
936 1282 980 1310 ut
999 1286 1157 1324 corpora
1176 1286 1280 1311 mor-

140 1323 233 1362 talia
252 1324 488 1376 effingerent,
510 1334 782 1377 quantumque
808 1334 903 1365 esset
923 1327 1117 1379 reliquum
1139 1341 1186 1366 ex
1205 1328 1281 1366 hu-

139 1390 257 1417 mano
289 1379 433 1426 animo,
469 1380 574 1431 quod
607 1379 761 1419 deberet
791 1381 980 1429 accedere,
1010 1382 1048 1419 id
1076 1395 1205 1430 omne,
1241 1391 1280 1421 et

141 1446 230 1484 quae
258 1433 457 1485 sequentia
489 1442 625 1482 essent,
655 1435 904 1486 perpolirent,
940 1443 977 1474 et
1007 1437 1276 1475 absolverent:

139 1486 278 1526 deinde
296 1496 341 1526 ut
359 1488 449 1526 huic
475 1488 666 1527 animanti
695 1489 885 1541 principes
906 1503 944 1528 se
966 1490 1161 1542 ducesque
1179 1505 1279 1543 prae-

139 1543 287 1589 berent,
317 1542 515 1594 vitamque
534 1544 617 1592 ejus
644 1543 903 1595 pulcherrime
930 1552 1118 1596 regerent,
1148 1554 1186 1584 et
1205 1559 1279 1597 gu-

138 1598 371 1636 bernarent:
403 1597 476 1635 nisi
491 1598 683 1649 quatenus
703 1597 784 1650 ipse
804 1599 875 1636 sua
894 1599 1011 1651 culpa
1038 1599 1108 1638 sibi
1129 1600 1278 1652 aliquid

139 1651 303 1690 miseriae
335 1658 532 1703 quaereret.
577 1652 714 1703 Atque
750 1653 782 1691 is
821 1652 995 1705 quidem,
1037 1654 1106 1706 qui
1140 1664 1278 1694 cuncta

139 1706 370 1758 composuit,
401 1713 615 1745 constanter
647 1707 688 1744 in
723 1721 792 1746 suo
820 1709 1004 1746 manebat
1036 1716 1164 1747 statu:
1210 1710 1280 1761 qui

139 1768 272 1799 autem
316 1768 424 1799 erant
453 1762 502 1800 ab
533 1774 576 1800 eo
607 1761 736 1808 creati,
769 1775 858 1800 cum
897 1762 1065 1814 parentis
1103 1763 1278 1803 ordinem

140 1815 419 1867 cognovissent,
446 1815 551 1855 hunc
579 1818 851 1868 sequebantur.
881 1817 1035 1869 Itaque,
1065 1831 1153 1856 cum
1174 1831 1280 1857 acce-

138 1869 284 1921 pissent
312 1871 531 1909 immortale
567 1871 803 1923 principium
841 1872 1015 1910 mortalis
1051 1872 1275 1921 animantis,

138 1924 333 1964 imitantes
347 1924 559 1977 genitorem
573 1933 611 1964 et
623 1925 837 1964 effectorem
851 1926 926 1974 sui,
939 1926 1147 1978 particulas
1160 1927 1276 1979 ignis,

140 1986 177 2017 et
193 1987 317 2028 terrae,
334 1987 372 2018 et
385 1993 511 2031 aquae,
529 1987 566 2018 et
578 1980 691 2028 aeris,
713 1993 736 2018 a
750 1981 913 2029 mundo,
932 1995 1028 2033 quas
1047 1995 1178 2021 rursus
1190 1982 1278 2020 red-

138 2033 287 2081 derent,
320 2035 630 2080 mutuabantur3
661 2048 801 2087 easque
828 2035 928 2074 inter
959 2049 997 2074 se
1025 2037 1274 2088 copulabant,

137 2087 243 2126 haud
258 2087 393 2127 iisdem
414 2088 591 2137 vinculis,
612 2089 754 2142 quibus
772 2089 846 2142 ipsi
862 2097 969 2129 erant
984 2091 1179 2142 colligati3
1211 2089 1278 2130 sed

138 2143 296 2191 talibus,
326 2156 415 2195 quae
444 2144 547 2182 cerni
569 2156 649 2182 non
669 2151 825 2196 possent
844 2152 1001 2197 propter
1027 2145 1274 2197 parvitatem,

137 2196 278 2237 crebris
304 2197 416 2250 quasi
442 2198 612 2239 cuneolis
641 2198 806 2251 injectis,
834 2212 962 2239 unum
986 2199 1202 2241 efficiebant
1229 2213 1279 2239 ex
