1470 2402
241 93 293 139 72
348 90 426 132 DE
445 91 860 143 DIVINATIONE,
880 90 980 131 Lm.
994 89 1053 131 11.
1073 90 1178 131 CAP.
1191 89 1256 130 24.

239 206 338 248 tum,
357 200 490 238 multis
517 199 770 247 audientibus,
796 198 864 252 qui
887 198 1016 238 omnia
1040 199 1122 249 ejus
1140 198 1254 237 verba
1278 209 1345 236 ex-

238 254 418 314 ceperint,
437 254 630 305 literisque
646 253 927 291 mandaverint.
950 264 1103 291 omnem
1117 258 1246 290 autem
1259 263 1344 289 ora-

237 307 381 345 tionem
399 307 514 345 fuisse
532 320 630 353 eam,
650 320 728 358 qua
744 306 992 357 haruspicinae
1009 305 1209 357 disciplina
1225 305 1344 343 eonti-

237 368 415 399 neretur:
445 373 529 399 eam
547 368 675 410 postea
693 360 847 398 crevisse
865 362 975 397 rebus
993 359 1100 397 novis
1119 370 1344 409 cognoseen-
1371 376 1375 377 ⁷

239 413 311 460 dis,
332 420 370 451 et
387 414 435 451 ad
454 412 584 450 eadem
603 413 668 450 illa
686 413 870 464 principia
887 413 1100 451 referendis.
1131 412 1228 450 Haec
1241 424 1344 450 acce-

237 466 366 517 pimus
380 465 452 504 ab
442 466 551 517 ipsis:
575 466 655 504 haec
670 466 806 517 scripta
821 473 1059 504 conservant.
1083 467 1186 504 hunc
1199 465 1344 503 fontem

237 520 380 558 habent
396 519 613 570 disciplinae.
644 520 754 557 Num
773 533 861 570 ergo
880 532 974 571 opus
994 526 1061 567 est,
1077 520 1126 557 ad
1139 519 1221 557 haec
1234 518 1346 557 refel-

237 573 364 621 lenda,
391 573 611 612 Carneade?
644 585 739 610 num
764 573 931 624 Epicuro
942 573 960 610 P
996 573 1117 612 Estne
1141 572 1345 623 quisquam

235 626 291 664 ita
304 627 501 677 desipiens,
519 627 586 677 qui
600 626 725 664 credat
739 634 936 664 exaratum
951 639 1042 673 esse,
1059 627 1190 665 Deum
1204 625 1344 687 dicam,

237 693 288 717 an
315 680 534 718 hominem.
525 683 542 707 9
581 680 613 718 si
639 680 760 725 Deus,
790 692 857 717 cur
883 693 922 718 se
949 688 1077 718 contra
1102 686 1280 718 naturam
1303 679 1344 717 in

236 740 375 771 terram
401 733 599 780 abdiderit,
622 741 667 770 ut
690 733 898 784 patefactus
923 741 1045 771 aratro
1068 733 1194 772 lucem
1219 732 1346 784 adspi-

235 789 366 825 ceret?
396 786 504 834 Quid
521 789 537 825 ?
565 762 667 825 idem
684 799 810 825 nonne
833 794 980 838 poterat
1001 787 1109 825 Deus
1126 786 1346 825 hominibus

236 840 475 891 disciplinam
494 840 682 891 superiore
701 853 720 878 e
737 840 820 878 loco
834 840 1004 879 tradere?
1033 840 1075 879 Si
1088 848 1216 878 autem
1230 840 1346 878 homo

235 893 302 932 ille
321 893 446 945 Tages
464 893 550 942 fuit,
572 907 738 945 quonam
756 894 869 931 modo
891 893 1015 945 potuit
1033 892 1132 932 terra
1148 906 1346 944 oppressus

237 947 392 986 vivere?
425 947 528 986 unde
554 961 665 999 porro
692 948 759 985 illa
784 948 921 999 potuit,
945 961 1032 999 quae
1059 947 1215 985 docebat
1237 947 1344 995 alios,

236 1000 317 1052 ipse
348 1000 550 1040 didicisse?
592 1001 668 1040 Sed
697 1014 765 1052 ego
792 1001 1026 1052 insipientior
1049 1013 1167 1052 quam
1191 1000 1249 1038 illi
1272 1001 1346 1052 ipsi

236 1054 305 1105 qui
323 1054 395 1093 ista
411 1054 582 1103 credunt,
603 1055 670 1106 qui
688 1054 843 1106 quidem
862 1062 992 1094 contra
1009 1067 1071 1093 eos
1090 1062 1170 1092 tam
1187 1053 1254 1092 diu
1269 1054 1345 1093 dis-

236 1115 382 1159 putem.

290 1161 451 1200 XXIV.
478 1161 600 1201 Vetus
619 1169 746 1201 autem
764 1162 861 1200 illud
879 1162 1034 1202 Catonis
1052 1161 1261 1201 admodum
1276 1161 1346 1201 sci-

237 1222 323 1253 tum
342 1223 410 1264 est,
431 1216 498 1267 qui
516 1217 646 1254 mirari
668 1229 706 1254 se
730 1216 867 1264 aiebat,
888 1216 991 1267 quod
1015 1229 1092 1255 non
1117 1216 1253 1254 rideret
1276 1216 1348 1254 ha:-

237 1281 392 1320 ruspex,
411 1269 648 1320 haruspicem
667 1282 756 1308 cum
776 1270 938 1308 vidisset.
972 1269 1104 1317 Quota
1121 1269 1223 1307 enim
1241 1283 1348 1321 quae-

237 1335 314 1373 que
331 1335 388 1361 res
408 1336 452 1360 ev
454 1323 530 1361 enit
548 1323 727 1374 praedicta
744 1325 792 1361 ab
810 1323 912 1362 istis.
903 1326 921 1352 9
947 1331 1027 1371 aut,
1048 1323 1080 1361 si
1098 1323 1221 1361 evenit
1235 1323 1347 1374 quid-

235 1375 355 1427 piam,
376 1376 470 1427 quid
487 1377 610 1414 afferri
628 1383 763 1427 potest,
784 1390 850 1415 cur
876 1389 953 1415 non
978 1390 1066 1415 casu
1091 1376 1131 1414 id
1150 1377 1338 1416 evenerit.
1327 1379 1345 1405 9

237 1429 327 1467 Rex
343 1430 510 1477 Prusias,
524 1443 612 1468 cum
625 1430 837 1469 Hannibali
851 1430 954 1481 apud
969 1443 1056 1468 eum
1075 1430 1263 1468 exsulanti
1281 1429 1347 1468 de-

236 1483 400 1534 pugnari
417 1484 594 1534 placeret,
614 1486 776 1535 negabat
798 1497 836 1522 se
860 1484 1013 1531 audere,
1033 1483 1136 1535 quod
1154 1491 1241 1522 exta
1258 1491 1358 1535 pro-'

236 1537 422 1575 hiberent.
466 1537 578 1575 “An
605 1539 690 1586 tu‚’'
719 1537 857 1588 inquit,
889 1540 917 1560 “
937 1538 1149 1576 carunculae
1174 1537 1347 1576 vitulinae

236 1590 371 1636 mavis,
403 1603 521 1641 quam
551 1591 768 1643 imperatori
797 1591 925 1638 veteri,
956 1590 1104 1629 credere
1119 1591 1166 1629 ?''
1205 1590 1313 1638 Quid
1326 1592 1346 1630 ?

235 1643 316 1694 ipse
335 1643 474 1691 Caesar,
494 1657 583 1682 cum
605 1658 628 1682 a
653 1658 802 1683 summo
827 1645 1024 1695 haruspice
1048 1652 1277 1691 moneretur,
1297 1657 1347 1683 ne

233 1696 275 1734 in
292 1697 467 1735 Africam
486 1707 573 1736 ante
591 1700 770 1736 brumam
789 1699 1070 1745 transmitteret,
1086 1710 1211 1736 nonne
1225 1706 1347 1736 trans-

234 1751 371 1789 misit?
401 1751 518 1812 Quod
535 1752 576 1789 ni
593 1752 751 1799 fecisset,
772 1765 849 1790 uno
867 1752 908 1789 in
925 1752 1008 1790 loco
1027 1764 1157 1790 omnes
1175 1751 1347 1790 adversa-

233 1804 388 1842 riorum
410 1805 527 1855 copiae
558 1805 826 1844 convenissent.
869 1805 977 1853 Quid
1006 1818 1074 1856 ego
1101 1805 1347 1856 haruspicum

235 1870 413 1908 responsa
439 1871 745 1907 commemorem,
772 1863 943 1910 (possum
968 1858 1144 1919 equidem
1169 1859 1347 1897 innume-

235 1911 387 1958 rabilia)
408 1925 494 1962 quae
512 1920 579 1950 aut
596 1913 721 1951 nullos
738 1913 942 1950 habuerint
960 1913 1097 1959 exitus,
1114 1919 1181 1950 aut
1199 1919 1347 1950 contra-

236 1964 342 2003 rios?
371 1965 459 2003 Hoc
479 1965 578 2003 civili
597 1967 710 2013 bello,
731 1965 800 2004 Dii
813 1966 1066 2004 immortales!
1091 1978 1209 2017 quam
1223 1965 1348 2004 multa

235 2016 409 2056 luserunt
426 2018 436 2055 1
479 2032 565 2070 quae
593 2020 701 2058 nobis
729 2019 770 2057 in
799 2019 987 2058 Graeciam
1015 2020 1144 2057 Roma
1170 2032 1348 2070 responsa

237 2070 482 2121 haruspicum
509 2073 624 2111 missa
649 2075 768 2111 sunt?
802 2086 888 2124 quae
913 2073 1014 2111 dicta
1038 2072 1255 2124 Pompeio?
1292 2080 1348 2111 et-

237 2125 340 2163 enim
354 2124 419 2163 ffle
432 2125 640 2164 admodum
655 2126 751 2165 extis
765 2135 802 2166 et
819 2127 973 2165 ostentis
990 2128 1225 2165 movebatur.
1254 2126 1347 2164 Non

235 2178 344 2218 lubet
360 2190 670 2229 commemorare,
689 2192 757 2220 nec
780 2193 867 2222 vero
891 2192 1038 2221 necesse
1064 2187 1133 2230 est,
1153 2179 1223 2220 tibi
1247 2192 1345 2232 prae-
