1470 2402
391 108 470 149 DE
499 107 859 159 SENECTUTE,
879 107 994 149 CAR-³
1005 109 1045 148 6.
1200 108 1282 148 339

158 217 374 265 infirmius3
403 218 570 266 tertiam,
586 217 691 270 quod
708 218 832 270 privet
850 217 1030 257 omnibus
1048 216 1127 256 fere
1145 216 1283 268 volup-

159 274 330 312 tatibus:
360 281 552 325 quartmn,
572 272 678 325 quod
701 272 807 310 haud
824 272 958 324 procul
976 271 1075 310 absit
1096 285 1120 309 a
1146 279 1283 310 morte.

159 328 326 376 Earum,
358 328 390 366 si
420 328 559 379 placet,
590 340 791 365 causarum
824 334 982 379 quanta,
1015 339 1212 378 quamque
1235 326 1286 364 sit

153 383 261 432 justa
274 395 530 434 unaquaeque,
550 381 760 419 videamus.

213 436 290 476 VI.
319 437 360 475 A
386 438 499 475 rebus
524 435 698 487 gerendis
724 443 895 474 senectus
921 433 1107 474 abstrahit
1123 437 1141 474 ?
1181 433 1284 482 Qui-

158 491 264 530 bus?
293 504 344 530 an
366 490 426 539 iis,
453 504 540 543 quae
558 490 599 528 in
618 491 820 540 juventute
838 498 1038 542 geruntur,
1055 496 1093 527 et
1106 489 1251 527 viribus
1264 491 1283 527 ἰ)

162 545 347 584 Nullaene
371 545 490 597 igitur
521 558 580 583 res
608 552 698 582 sunt
727 545 876 591 seniles,
903 558 1005 596 quae,
1033 544 1094 582 vel
1123 543 1287 581 infirmis

160 600 396 652 corporibus,
417 599 546 638 animo
568 607 698 637 tamen
717 599 1061 638 administrentur?
1091 597 1205 636 Nihil
1228 611 1287 636 er-

161 667 213 705 go
240 656 378 706 agebat
410 653 463 701 Q.
495 653 730 692 Maximus?
779 654 877 692 nihil
906 653 954 691 L.
986 652 1149 701 Paulus,
1178 659 1288 703 pater

160 715 266 757 tuus,
306 708 447 760 Scipio,
487 721 589 747 socer
621 708 758 759 optimi
789 708 875 757 viri,
908 707 979 746 filii
1010 707 1088 745 mei
1104 709 1122 746 ?
1162 705 1289 745 caeteri

160 775 282 812 senes,
317 762 496 811 Fabricii,
529 762 651 811 Curii,
681 762 927 810 Coruncanii,
955 774 1043 800 cum
1074 760 1289 812 rempubli-

160 829 248 856 cam
277 816 433 856 consilio
461 824 499 855 et
527 816 751 855 auctoritate
780 816 1049 865 defendebant,
1069 815 1170 854 nihil
1198 827 1288 867 age-

161 871 288 911 bant?

216 925 287 964 Ad
305 925 414 978 App.
435 925 591 964 Claudii
609 932 838 965 senectutem
861 925 1063 965 accedebat
1085 924 1216 972 etiam,
1243 930 1290 962 ut

161 991 283 1019 caecus
302 988 421 1020 esset:
452 987 490 1018 et
508 987 638 1018 tamen
656 980 703 1028 is,
731 993 820 1019 cum
844 980 1032 1019 sententia
1054 982 1206 1017 senatus
1228 979 1290 1016 in-

162 1034 321 1073 clinaret
339 1034 389 1073 ad
406 1047 555 1086 pacem,
576 1041 614 1072 et
631 1035 754 1073 foedus
772 1034 992 1073 faciendum
1011 1046 1101 1072 cum
1120 1033 1287 1085 Pyrrho,

160 1100 243 1182 {lon
257 1088 448 1150 dubitavit
465 1088 588 1128 dicere
602 1089 683 1139 illa,
705 1103 793 1142 quae
811 1089 982 1129 versibus
995 1096 1215 1141 persecutus
1233 1094 1290 1126 est

200 1155 316 1182 nmus
327 1157 340 1182 ε

217 1218 248 1241 “
268 1217 361 1266 Quo
379 1217 487 1258 vobis
503 1225 665 1268 mentes,
684 1225 797 1258 rectae
815 1231 904 1271 quae
922 1226 1021 1257 stare
1039 1218 1213 1258 solebant

216 1273 411 1323 Antehac,
431 1273 626 1312 dementes
646 1287 724 1312 sese
743 1274 883 1312 flexere
904 1271 987 1323 [via
999 1273 1070 1326 ?'’]

164 1370 377 1417 caeteraque
404 1363 650 1416 gravissime:
680 1370 818 1402 notum
855 1362 960 1401 enim
991 1360 1100 1400 vobis
1137 1371 1290 1398 carmen

165 1426 223 1458 est
239 1433 250 1457 :
280 1427 318 1458 et
329 1426 459 1457 tamen
472 1418 592 1470 ipsius
606 1418 731 1470 Appii
750 1424 873 1456 exstat
884 1416 1005 1455 oratio
1020 1430 1031 1454 ε
1063 1422 1179 1466 atque
1192 1414 1294 1452 hanc

165 1472 232 1511 ine
257 1473 334 1525 egit
361 1480 504 1525 septem
531 1480 570 1511 et
594 1473 725 1512 decem
750 1485 871 1510 annos
899 1478 987 1523 post
1010 1470 1175 1508 alterum
1203 1481 1294 1507 con-

166 1528 354 1576 sulatum,
381 1540 472 1566 cum
496 1527 595 1566 inter
613 1527 709 1566 duos
728 1526 947 1566 consulatus
972 1524 1064 1563 anni
1083 1524 1214 1561 decem
1232 1522 1294 1560 in„

166 1582 439 1631 terfluxissent,
472 1594 681 1633 censorque
716 1588 806 1619 ante
842 1580 1086 1619 consulatum
1124 1576 1294 1629 superio-

167 1649 252 1675 rem
269 1636 414 1674 fuisset.
456 1636 523 1674 Ex
542 1649 620 1687 quo
638 1635 879 1686 intelligitur,
900 1632 1042 1685 Pyrrhi
1060 1631 1162 1670 bello
1180 1643 1296 1682 gran-

167 1689 258 1729 dem
269 1703 359 1729 sane
369 1690 487 1728 fuisse
502 1704 512 1728 :
544 1697 581 1728 et
594 1695 723 1728 tamen
736 1690 788 1727 sic
807 1702 830 1726 a
847 1688 1021 1740 patribus
1035 1686 1265 1738 accepimus.
1284 1704 1285 1707 ¹

224 1744 339 1784 Nihil
362 1744 480 1796 igitur
507 1744 688 1791 afferunt,
717 1743 786 1795 qui
817 1743 858 1780 in
889 1755 931 1780 re
962 1740 1130 1792 gerenda
1154 1739 1296 1779 versari

172 1806 407 1839 senectutem
429 1805 595 1849 negant:
626 1798 845 1849 similesque
869 1803 960 1834 sunt
980 1796 1041 1843 iis,
1063 1795 1131 1847 qui
1155 1796 1296 1846 guber-

170 1861 345 1893 natorem
375 1852 416 1891 in
445 1852 661 1904 navigando
688 1865 798 1903 agere
825 1850 924 1888 nihil
950 1849 1093 1895 dicant,
1113 1862 1204 1888 cum
1230 1849 1298 1886 alii

171 1908 294 1947 malos
313 1907 510 1955 scandant,
531 1907 597 1945 ah'i
614 1920 682 1958 per
706 1906 806 1944 foros
829 1912 994 1951 cursent,
1015 1904 1082 1942 alii
1107 1903 1298 1942 sentinam

170 1962 428 2007 exhauriant3
457 1962 523 1999 ille
554 1969 699 2009 autem,
731 1961 884 1999 clavum
914 1966 1061 2005 tenens,
1099 1958 1228 1997 sedeat
1256 1958 1298 1996 in

167 2016 295 2070 puppi
312 2016 476 2068 quietus.
524 2016 617 2054 Non
636 2015 728 2054 facit
746 2028 804 2062 ea,
825 2027 912 2066 quae
927 2014 1113 2064 juvenes:
1144 2021 1184 2051 at
1210 2025 1301 2051 vero

171 2073 299 2111 multo
316 2072 464 2121 majora
477 2078 514 2109 et
532 2070 692 2109 meliora
709 2069 811 2108 facit.
842 2069 936 2106 Non
961 2068 1120 2115 viribus,
1145 2074 1213 2105 aut
1231 2080 1297 2105 ve·-

172 2125 406 2174 locitatibus,
426 2132 495 2164 aut
519 2125 708 2163 celeritate
733 2135 952 2175 corporum,
971 2135 1030 2161 res
1054 2134 1209 2174 magnae
1233 2134 1300 2173 ge-

174 2187 328 2230 runtur,
360 2180 426 2218 sed
455 2179 626 2228 consilio,
649 2179 886 2227 auctoritate,
915 2176 1127 2223 sententia;
1157 2176 1301 2228 quibus

177 2246 255 2274 non
273 2233 390 2275 modo
407 2246 485 2275 non
503 2233 643 2284 orbari,
664 2233 729 2274 sed
747 2232 864 2272 etiam
881 2231 1029 2284 augeri,
1048 2239 1220 2271 senectus
1240 2243 1300 2269 so-
