1470 2402
244 47 322 90 DE
350 47 772 99 DIVINATIONE,
785 48 887 88 Lm.
901 47 937 86 Ι.
957 47 1068 87 CAP.
1081 47 1147 86 25.
1202 45 1254 84 21

129 155 237 210 gredi
262 158 441 210 coepisse:
470 166 556 197 tum
582 158 618 197 ei
642 158 780 197 ducem
804 157 917 195 illum
943 155 1178 209 praecepisse,
1205 165 1256 192 ne

129 212 350 264 respiceret:
380 213 494 251 illum
512 212 702 251 autemid
728 211 872 250 diutius
898 211 1020 250 facere
1044 222 1123 248 non
1140 216 1255 260 potu-

129 267 216 314 isse,
250 267 472 319 elatumque
503 267 709 319 cupiditate
741 266 973 317 respexisse:
1011 272 1098 302 tum
1130 264 1253 301 visam

129 321 299 360 belluam
323 329 470 360 vastam
501 329 539 360 et
566 321 793 370 immanem,
824 319 1149 371 circumplicatam
1177 330 1254 355 ser-

128 375 322 428 pentibus,
342 376 588 428 quacumque
605 375 808 423 incederet,
829 374 960 412 omnia
990 375 1158 420 arbusta,
1178 371 1257 410 vir-

129 430 253 481 gulta,
273 436 371 468 tecta
387 438 599 482 pervertere
616 445 626 468 :
658 438 695 468 et
714 442 803 468 eum
822 428 1057 467 admiratum
1075 426 1257 478 quaesisse

131 483 181 522 de
212 483 313 533 Deo,
347 484 544 537 quodnam
576 484 675 522 illud
705 493 800 522 esset
833 483 910 522 tale
941 489 1186 525 monstrum3
1217 486 1255 517 et

132 537 266 576 Deum
283 538 534 591 respondisse,
553 539 769 577 vastitatem
794 550 872 576 esse
898 537 1038 583 Italiae,
1057 534 1257 586 praecepis-

131 605 262 644 seque,
283 601 328 631 ut
344 601 517 645 pergeret
529 593 704 645 protinus
717 607 730 640 ;
761 591 855 645 quid
869 600 968 630 retro
983 597 1099 642 atque
1113 602 1136 627 a
1150 597 1257 640 tergo

131 646 253 696 fieret,
272 659 322 685 ne
339 648 540 686 laboraret.

185 701 310 753 Apud
326 702 586 753 Agathoclem
611 702 796 754 scriptum
821 701 863 739 in
888 697 1047 738 historia
1071 705 1140 746 est,
1172 697 1258 735 Ha-

130 756 328 794 milcarem
356 756 726 808 Carthaginiensem,
756 768 846 794 cum
873 760 1114 806 oppugnaret
1142 752 1258 803 Syra-

131 823 253 858 cusas,
274 811 399 849 visum
419 824 497 849 esse
515 810 647 848 audire
665 823 812 857 vocem,
833 821 872 847 se
890 807 1071 861 postridie
1090 814 1258 845 coenatu-

130 877 220 903 rum
239 865 459 916 Syracusis:
491 877 581 903 cum
600 871 730 903 autem
756 864 789 902 is
814 863 892 901 dies
917 862 1119 909 illuxisset,
1146 873 1257 912 mag-

129 931 222 957 nam
241 919 463 958 seditionem
482 919 524 957 in
549 918 679 957 castris
706 919 788 968 ejus
813 917 912 955 inter
933 917 1071 955 Poenos
1090 923 1127 953 et
1147 915 1256 953 Sicu-

129 973 187 1011 los
211 973 351 1012 milites
376 987 455 1012 esse
480 973 646 1019 factam;
678 972 783 1024 quod
807 984 897 1010 cum
923 970 1123 1010 sensissent
1143 970 1259 1020 Syra-

127 1028 272 1076 cusani,
298 1027 505 1079 improviso
531 1040 592 1065 eos
621 1026 663 1064 in
689 1035 812 1065 castra
833 1025 1026 1076 irrupisse,
1054 1023 1256 1062 Hamilca-

128 1094 289 1134 remque
307 1083 356 1120 ab
374 1082 420 1120 iis
439 1081 573 1121 vivum
585 1094 664 1120 esse
676 1081 885 1119 sublatum.
916 1079 979 1118 Ita
991 1092 1050 1117 res
1062 1077 1257 1116 somnium

128 1136 402 1189 comprobavit.
446 1136 570 1175 Plena
595 1136 862 1188 exemplorum
889 1142 945 1174 est
969 1133 1141 1181 historia,
1170 1139 1256 1170 tum

128 1190 267 1230 referta
280 1191 359 1230 vita
376 1190 603 1229 communis.

182 1246 243 1285 At
260 1258 349 1285 vero
368 1246 415 1284 P.
435 1245 579 1284 Decius
597 1245 676 1292 ille,
699 1243 750 1293 Q.
769 1244 816 1283 F.
838 1243 906 1295 qui
924 1242 1073 1294 primus
1089 1254 1108 1280 e
1124 1240 1254 1279 Deciis

128 1300 263 1340 consul
280 1299 369 1348 fuit,
388 1312 480 1339 cum
499 1307 594 1339 esset
612 1300 790 1338 tribunus
804 1299 990 1345 militum,
1006 1297 1067 1334 M.
1083 1295 1256 1343 Valerio,

129 1355 184 1395 A.
205 1354 383 1394 Cornelio
401 1354 635 1403 consulibus,
652 1367 675 1392 a
689 1353 1004 1404 Samnitibusque
1018 1357 1256 1403 premeretur

126 1416 256 1448 noster
274 1408 484 1455 exercitus;
515 1422 605 1447 cum
623 1408 793 1460 pericula
810 1407 1032 1459 prceliorum
1051 1405 1165 1443 iniret
1184 1417 1254 1442 au-

129 1463 274 1514 dacius,
293 1471 602 1516 monereturque,
618 1471 663 1501 ut
681 1462 828 1502 cautior
853 1470 962 1507 esset,
990 1460 1103 1507 dixit,
1131 1458 1254 1510 (quod

128 1526 252 1558 exstat
269 1518 311 1556 in
329 1518 548 1566 annalibus)
578 1517 651 1556 sibi
672 1517 713 1556 in
733 1516 876 1556 somnis
896 1516 1022 1553 visum
1047 1527 1140 1562 esse,
1162 1525 1252 1551 cum

128 1573 170 1611 in
189 1573 324 1611 mediis
341 1572 514 1612 hostibus
533 1580 758 1621 versaretur,
779 1570 947 1610 occidere
971 1582 1058 1608 cum
1080 1567 1255 1606 maxima

129 1627 264 1679 gloria„
307 1626 362 1665 Et
386 1635 473 1666 tum
503 1626 661 1678 quidem
686 1626 890 1665 incolumis
917 1624 1128 1663 exercitum
1153 1621 1254 1660 obsi-

130 1681 244 1721 dione
260 1682 447 1721 liberavit.
490 1681 584 1720 Post
611 1680 822 1720 triennium
842 1689 986 1726 autem,
1007 1691 1097 1716 cum
1123 1676 1256 1715 consul

131 1743 242 1784 esset,
263 1736 415 1775 devovit
433 1748 485 1784 se,
515 1744 554 1774 et
577 1735 618 1773 in
637 1735 757 1774 aciem
777 1735 1008 1773 Latinorum
1031 1731 1169 1783 irrupit
1194 1744 1256 1768 ar-

131 1798 284 1830 matus:
315 1803 392 1843 quo
411 1791 494 1840 ejus
511 1790 611 1828 facto
631 1789 799 1841 superati
817 1796 907 1828 sunt
926 1795 963 1826 et
981 1786 1096 1825 deleti
1110 1785 1254 1824 Latini.

131 1845 254 1895 Cujus
272 1857 377 1884 mors
395 1844 450 1883 ita
466 1844 630 1896 gloriosa
647 1844 736 1892 fuit,
756 1851 802 1882 ut
820 1842 995 1882 eamdem
1014 1840 1254 1892 concupisce-

131 1907 190 1938 ret
207 1899 321 1939 filius.
365 1899 442 1939 Sed
467 1898 667 1938 veniamus
686 1910 804 1947 nunc,
825 1898 856 1936 si
873 1897 1012 1949 placet,
1033 1895 1083 1934 ad
1108 1894 1257 1933 somnia

129 1954 458 2007 philosophorum

184 2009 323 2049 XXV.
351 2008 425 2047 Est
442 2007 548 2060 apud
566 2007 771 2046 Platonem
790 2007 975 2053 Socrates,
992 2017 1081 2043 cum
1100 2009 1195 2042 esset
1211 2002 1254 2040 in

130 2063 303 2102 mstodia
328 2063 499 2115 publica,
525 2062 654 2101 dicens
680 2061 842 2109 Critoni,
870 2074 938 2100 suo
962 2058 1158 2105 familiari,
1185 2056 1257 2096 sibi

247 2118 404 2158 tertium
436 2117 540 2156 diem
570 2130 648 2156 esse
679 2115 949 2155 moriendum:
980 2113 1117 2152 vidisse
1145 2125 1184 2150 se
1212 2111 1254 2149 in

128 2172 272 2213 somnis
289 2171 577 2226 pulchritudine
595 2171 740 2210 eximia
763 2170 964 2219 feminam,
991 2181 1094 2221 quae,
1124 2180 1163 2206 se
1187 2178 1256 2204 no-
