1470 2402
207 125 286 167 392
462 125 541 165 DE
569 126 870 176 AMICITIA,
891 126 996 166 CAP.
1017 127 1082 165 21.

210 233 264 272 tio
277 240 406 273 nostra
419 232 620 274 delabitur.
648 234 875 297 Erumpunt
886 248 986 287 saepe
999 234 1092 274 vitia
1101 234 1329 284 amicorum,

213 300 304 326 cum
321 287 363 326 in
381 287 483 340 ipsos
501 289 655 337 amicos,
671 296 757 327 tum
771 290 810 327 in
826 289 993 328 alienos·
981 317 994 335 ‚
1024 301 1191 341 quorum
1202 296 1333 332 tamen

213 341 264 380 ad
281 342 422 380 amicos
446 342 633 381 redundet
658 343 829 382 infamia.
870 343 988 382 Tales
1014 343 1132 394 igitur
1156 342 1334 382 amicitiae

213 402 306 435 sunt
323 396 542 435 remissione
560 410 650 435 usus
668 397 853 445 eluendae,
874 406 911 436 et
925 400 987 440 (ut
1005 397 1193 436 Catonem
1211 397 1334 436 dicere

213 449 362 498 audivi)
395 450 607 489 dissuendae
632 452 769 503 magis,
797 464 916 504 quam
945 450 1223 490 discindendae:
1261 451 1335 490 nisi

215 504 394 556 quaedam
413 504 622 543 admodum
641 505 888 545 intolerabilis
911 505 1053 556 injuria
1077 505 1270 553 exarserit,
1291 514 1336 544 ut

214 570 340 610 neque
357 566 504 596 rectum
524 572 648 611 neque
665 559 869 599 honestum
889 560 951 608 sit,
971 572 1096 611 neque
1109 558 1191 598 fieri
1202 559 1333 611 possit,

215 619 262 650 ut
278 625 356 650 non
376 612 505 651 statim
524 613 701 652 alienatio
719 614 1000 665 disjunctioque
1017 613 1190 652 facienda
1207 613 1267 652 sit.

271 666 340 705 Sin
379 674 509 705 autem
541 680 694 706 morum
731 675 798 706 aut
835 668 1050 706 studiorum
1085 668 1335 706 commutatio

214 720 398 773 quaedam
417 724 479 764 (ut
503 720 585 760 fieri
611 722 721 769 solet)
747 722 849 761 facta
867 722 951 769 erit,
971 729 1039 760 aut
1056 721 1097 759 in
1116 721 1335 772 reipublicae

189 807 196 818 ,
214 775 388 826 'partibus
407 774 587 814 dissensio
605 776 853 815 intercesserit
886 777 1038 828 (loquor
1056 775 1157 813 enim
1175 776 1274 825 jam,
1293 784 1339 815 ut

215 829 334 881 paulo
351 837 439 868 ante
457 829 553 877 dixi,
574 842 650 868 non
676 830 723 869 de
748 830 992 882 sapientium,
1013 829 1078 868 sed
1096 829 1144 868 de
1162 841 1336 868 commu.

216 883 346 931 nibus,
367 884 574 932 amicitiis),
596 884 809 922 cavendum
828 884 912 933 erit,
933 896 981 923 ne
999 896 1076 922 non
1096 884 1222 923 solum
1239 884 1336 922 ami-

217 937 316 975 citiae
339 937 533 989 depositae,
556 938 621 977 sed
645 938 855 977 inimicitiae
874 938 989 977 etiam
1016 945 1213 989 susceptae,
1234 938 1339 977 vide-

217 999 343 1030 antur.
374 992 487 1030 Nihil
505 993 608 1031 enim
627 1000 683 1031 est
701 993 864 1055 turpius,
880 1005 998 1044 quam
1017 1005 1108 1031 cum
1127 1004 1171 1030 eo
1190 992 1336 1031 bellum

215 1058 359 1096 gerere,
380 1048 540 1098 quicum
559 1047 795 1085 familiariter
814 1047 963 1085 vixeris.
1003 1048 1071 1085 Ab
1091 1045 1260 1085 amicitia
1282 1047 1334 1095 Q.

217 1099 409 1151 Pompeii,
429 1114 516 1139 meo
535 1101 704 1149 nomine,
732 1115 770 1140 se
794 1109 1006 1145 removerat
1025 1104 1086 1145 (ut
1111 1100 1229 1148 scitis)
1255 1101 1338 1140 Sci-

217 1153 307 1204 pio:
338 1163 491 1206 propter
510 1155 780 1194 dissensionem
799 1163 943 1203 31118111,
959 1168 1047 1207 quae
1065 1161 1146 1193 erat
1162 1167 1203 1192 111
1223 1167 1336 1206 repu-

217 1207 332 1257 111183,
353 1209 539 1247 alienatus
558 1217 614 1248 est
632 1222 655 1247 a
673 1209 818 1260 collega
832 1217 960 1247 nostro
972 1209 1016 1247 M
1023 1208 1145 1247 etello.
1175 1208 1339 1247 Utrum-

218 1274 295 1313 que
314 1262 391 1313 egit
404 1263 582 1313 graviter,
596 1263 831 1312 auctoritate,
847 1271 885 1302 et
903 1263 1108 1302 offensione
1126 1262 1247 1300 31111111
1260 1275 1338 1302 11011

216 1317 364 1355 acerba„

272 1369 552 1419 Quamobrem,
567 1371 738 1423 primum
750 1371 877 1409 danda
890 1384 1005 1423 opera
1018 1378 1088 1418 est,
1101 1382 1229 1432 nequa
1241 1372 1339 1410 ami-

218 1436 351 1463 corum
382 1425 538 1464 discidia
568 1425 684 1464 fiant:
716 1425 773 1464 sin
805 1425 880 1464 tale
910 1425 1057 1477 aliquid
1084 1425 1262 1474 evenerit,
1294 1434 1339 1465 ut

218 1478 414 1517 exstinctae
439 1479 566 1531 potius
592 1479 781 1526 amicitiae,
810 1491 929 1531 quam
956 1492 1157 1531 oppressae,
1184 1492 1264 1518 esse
1282 1480 1338 1518 11-

217 1532 391 1571 deantur.
432 1533 659 1572 Cavendum
689 1546 778 1572 vero
806 1541 876 1580 est,
911 1546 959 1572 ne
989 1533 1106 1572 etiam
1130 1533 1171 1571 in
1203 1547 1339 1585 graves

216 1586 435 1626 inimicitias
453 1595 674 1626 convertant
693 1601 731 1626 se
751 1587 951 1626 amicitiae:
983 1600 1004 1626 e
1030 1588 1171 1639 quibus
1192 1588 1337 1640 jurgia,

217 1640 718 1689 maledicta,contume1iae‚
748 1641 981 1693 gignantur·
1013 1655 1101 1693 quae
1130 1649 1274 1690 tamen,
1305 1642 1337 1682 si

215 1694 430 1734 tolerabiles
455 1704 580 1744 erunt,
606 1695 771 1735 ferendae
796 1704 910 1734 511111.
941 1703 979 1734 81
1001 1695 1063 1734 1118
1080 1695 1201 1734 1101105
1219 1697 1337 1736 veteri

215 1748 393 1787 amicitiae
413 1725 638 1788 tribuendus
656 1758 725 1797 est,
746 1757 789 1788 ut
808 1749 839 1788 is
857 1749 898 1788 in
917 1750 1032 1801 culpa
1049 1749 1098 1788 sit
1120 1749 1189 1801 qui
1207 1749 1335 1798 faciat,

214 1813 294 1840 non
313 1803 381 1854 qui
398 1803 578 1855 patiatur,
595 1803 787 1853 injuriam.
819 1803 993 1843 Omnino
1006 1803 1182 1842 omnium
1196 1804 1336 1844 horum

214 1855 397 1895 vitiorum
416 1865 531 1909 atque
548 1857 880 1897 incommodorum
898 1870 977 1896 una
995 1858 1120 1896 cautio
1134 1865 1203 1905 est,
1219 1866 1335 1910 atque

214 1922 295 1948 una
320 1911 498 1962 provisio,
518 1920 562 1950 ut
589 1924 638 1951 ne
665 1912 779 1950 nimis
807 1911 880 1950 cito
908 1912 1065 1963 diligere
1090 1911 1333 1964 incipiamus,

213 1975 310 2002 neve
327 1977 404 2003 non
423 1965 569 2016 dignos.

267 2017 390 2070 Digni
415 2027 544 2058 autem
571 2027 659 2058 sunt
683 2019 864 2068 amicitia,
892 2020 1032 2071 quibus
1055 2020 1095 2058 in
1121 2019 1212 2071 ipsis
1236 2020 1335 2060 inest

214 2084 341 2120 causa,
373 2086 440 2111 cur
473 2074 694 2125 diligantur.
752 2074 903 2112 Rarum
933 2086 1054 2125 genus
1087 2077 1142 2117 (et
1174 2074 1332 2126 quidem

210 2126 340 2164 omnia
376 2127 557 2178 praeclara
593 2135 693 2175 rara)
710 2142 722 2173 ς
765 2140 835 2166 1188
871 2128 1084 2180 quidquam
1121 2127 1329 2177 difficilius,

209 2191 328 2230 quam
353 2182 528 2232 reperire,
556 2182 660 2234 quod
687 2182 736 2221 sit
762 2182 869 2220 omni
890 2195 938 2221 ex
965 2190 1073 2233 parte
1099 2182 1140 2220 in
1166 2195 1236 2221 suo
1262 2195 1330 2234 ge-

206 2243 295 2273 nere
321 2235 545 2285 perfectum.
586 2235 661 2276 Sed
694 2236 867 2288 plerique
892 2248 1019 2289 neque
1046 2236 1085 2275 in
1112 2237 1225 2276 rebus
1252 2236 1327 2275 hu·-
