1470 2402
175 61 257 108 276
345 58 426 100 DE
455 57 720 109 OFFICIIS,
741 57 844 98 Lm.
864 57 925 98 11.
945 57 1054 100 CAP-
1068 58 1132 98 16.

179 182 259 208 8338
277 169 411 218 velint,
431 180 510 208 non
528 176 637 207 tanta
648 167 775 207 studia
792 176 1049 221 assequuntur
1067 180 1200 209 eorum
1214 169 1307 222 qui.

178 225 252 263 bus
271 223 473 272 dederunt,
490 231 635 276 quanta
653 222 741 261 odia
759 235 893 261 eorum
911 223 1053 275 quibus
1067 223 1305 263 ademerunt.

183 278 450 326 Quamobrem
469 290 538 316 nec
557 277 611 316 ita
638 276 850 315 claudenda
869 284 924 315 est
946 290 1004 315 res
1029 277 1245 327 familiaris,
1262 285 1308 317 ut

183 346 268 371 eam
286 332 501 384 benignitas
521 331 665 384 aperire
684 343 761 369 non
775 331 918 383 possit3
948 344 1018 370 nec
1028 331 1083 370 ita.
1094 332 1309 382 reseranda,

180 394 226 425 ut
243 394 374 438 pateat
392 387 583 425 omnibus.
644 385 791 424 Modus
818 385 1058 434 adhibeatur,
1084 385 1194 438 isque
1214 386 1312 425 refe-

183 448 290 479 ratur
309 441 358 479 ad
376 441 587 479 facultates.
619 438 794 478 Omnino
812 440 1031 479 meminisse
1050 439 1234 479 debemus
1253 440 1308 490 id,

184 495 303 547 quod,
318 509 341 533 a
358 496 494 533 nostris
514 494 737 532 hominibus
756 494 962 546 saepissime
976 502 1220 546 usurpatum,
1229 496 1314 545 jam

184 549 226 587 in
240 548 429 601 proverbii
449 548 763 588 consuetudinem
783 548 900 597 venit,
922 549 951 570 ‘⁶
965 548 1209 600 largitionem
1222 549 1315 588 fun-

186 602 283 642 dum
302 616 378 642 non
398 603 578 642 habere.'’
619 603 779 641 Etenim
807 602 894 654 quis
912 610 1036 654 potest
1053 603 1192 642 modus
1220 617 1314 652 oese,

185 671 276 696 cum
291 666 328 696 et
346 657 464 707 idem,
482 657 550 710 qui
563 659 809 706 consuerunt,
826 663 864 695 et
881 656 985 696 idem
1002 657 1102 696 illud
1119 657 1200 708 alii,
1213 657 1314 698 desi-

187 711 347 751 derent.
338 714 355 740 ‘³

243 766 364 806 XVI.
395 765 569 805 Omnino
602 765 680 805 duo
713 772 804 805 sunt
825 778 965 816 genera
985 765 1197 818 largorum,
1222 780 1319 820 quo-

191 834 280 860 rum
300 821 409 859 alteri
428 820 593 872 prodigi,
609 821 719 859 alteri
735 819 923 859 liberales.
953 820 1127 872 Prodigi,
1147 821 1216 873 qui
1227 835 1322 874 epu-

190 875 252 923 lis,
285 883 322 914 et
360 875 685 923 viscerationibus,
722 882 759 913 et
789 874 1047 926 gladiatorum
1080 876 1320 924 muneribus,

190 904 374 968 ludorum
411 929 737 981 venationumque
783 938 985 980 apparatu,
1016 930 1198 981 pecunias
1233 943 1323 982 pro-

193 983 393 1023 fundunt
382 997 423 1022 m
443 997 505 1023 eas
525 997 597 1032 res,
626 996 791 1045 quarum
811 984 1037 1023 memoriam
1058 991 1127 1022 aut
1151 986 1321 1035 brevem,

195 1046 263 1077 aut
282 1039 432 1077 nullam
447 1038 620 1086 omnino,
642 1038 717 1076 sint
735 1037 916 1076 relicturi.
963 1038 1162 1077 Liberales
1180 1047 1326 1088 autem,

196 1093 267 1145 qui
285 1093 362 1131 suis
386 1092 633 1131 facultatibus
659 1100 726 1130 aut
753 1099 881 1153 captos
907 1106 931 1130 a
961 1092 1206 1144 praedonibus
1228 1094 1329 1132 redi-

197 1154 325 1194 munt,
359 1155 426 1185 aut
446 1161 496 1185 aes
519 1147 689 1185 alienum
709 1146 921 1198 suscipiunt
940 1146 1167 1195 amicorum,
1193 1155 1261 1186 aut
1287 1148 1330 1187 in

198 1201 369 1239 filiarum
398 1201 641 1239 collocatione
673 1201 872 1251 adjuvant,
904 1208 971 1239 aut
1007 1200 1246 1253 opitulantur
1287 1202 1330 1241 in

198 1269 240 1294 re
260 1256 321 1294 vel
340 1255 546 1307 quaerenda
565 1255 626 1293 vel
644 1254 834 1306 augenda.
878 1255 1018 1306 Itaque
1032 1255 1164 1303 miror,
1178 1256 1274 1308 quid
1287 1257 1330 1295 in

198 1317 370 1348 mentem
390 1309 534 1348 venerit
544 1309 840 1370 ’TheophrastQ
868 1308 909 1346 in
933 1322 977 1347 eo
1001 1309 1114 1356 libro,
1136 1323 1253 1362 quem
1282 1311 1332 1350 de

201 1363 358 1402 Divitiis
371 1363 532 1415 scripsit,
542 1363 582 1401 in
598 1377 675 1415 quo
687 1363 811 1401 multa
822 1363 1023 1415 praeclare;
1037 1364 1136 1402 illud
1148 1365 1333 1404 absurde.

202 1426 258 1457 est
277 1418 381 1457 enim
400 1417 575 1456 multus
565 1430 606 1455 111
631 1417 827 1456 laudanda
851 1417 1138 1469 magnificentia
1156 1427 1194 1458 et
1212 1433 1333 1472 appa-

202 1472 349 1511 ratione
367 1471 615 1525 popularium
633 1485 871 1519 munerum3
900 1472 1115 1525 taliumque
1129 1481 1333 1513 sumtuum

203 1526 428 1566 facultatem
456 1527 626 1564 fructum
649 1526 870 1565 divitiarum
899 1534 1023 1578 putat.
1066 1527 1173 1566 Mihi
1202 1536 1334 1568 autem

203 1581 270 1620 ille
288 1581 436 1621 fructus
454 1581 705 1628 liberalitatis,
727 1582 837 1631 cujus
863 1581 1041 1633 exempla
1061 1595 1186 1633 pauca
1206 1583 1333 1634 posui,

205 1636 332 1674 multo
352 1643 389 1674 et
407 1636 532 1697 major
543 1635 693 1674 videtur
708 1643 745 1674 et
759 1635 904 1674 certior.
935 1635 1095 1684 Quanto
1106 1636 1335 1676 Aristoteles

205 1690 360 1742 gravius
380 1698 417 1728 et
435 1690 560 1728 verius
584 1702 652 1728 nos
678 1689 934 1742 reprehendit,
963 1689 1031 1742 qui
1058 1690 1128 1729 has
1154 1691 1337 1743 pecunia-

207 1757 297 1783 rum
313 1743 514 1783 effusiones
529 1742 648 1797 [11011]
662 1744 912 1793 admiremur,
925 1757 1013 1796 quae
1025 1744 1124 1783 fiunt
1135 1745 1185 1783 ad
1202 1746 1339 1785 multi-

208 1799 385 1837 tudinem
405 1798 699 1837 deleniendam.
690 1799 699 1825 *
730 1799 835 1860 At,‘
824 1799 866 1847 11,
888 1798 956 1850 qui
975 1800 1024 1837 ab
1041 1798 1150 1838 hoste
1161 1800 1339 1839 obsiden-

205 1860 284 1900 tur,
316 1853 347 1891 si
381 1865 505 1891 emere
531 1866 642 1904 aquae
667 1853 876 1892 sextarium
905 1852 1014 1891 mina
1041 1861 1239 1916 cogantur,
1265 1854 1341 1896 hoc

209 1907 337 1959 primo
373 1907 594 1946 incredibile
626 1907 736 1946 nobis
772 1907 907 1956 videri,
941 1919 1150 1969 omnesque
1179 1909 1338 1949 11111311.

212 1961 293 2009 sed,
309 1974 399 1999 cum
418 1961 664 2023 attenderint,
685 1961 836 2000 veniam
850 1961 1062 2000 necessitati
1081 1961 1194 2000 (1318·
1225 1963 1266 2001 in
1279 1964 1343 2004 his

211 2015 449 2054 immanibus
470 2015 643 2077 jacturis,
664 2015 901 2068 infinitisque
919 2016 1126 2077 sumtibus,
1152 2016 1251 2055 nihil
1273 2030 1344 2058 nos

213 2081 447 2121 magnopere
477 2069 635 2116 mirari;
666 2083 756 2108 cum
784 2070 997 2122 praesertim
1030 2082 1100 2110 nec
1129 2071 1344 2112 necessitati

214 2124 478 2171 subveniatur,
492 2136 562 2162 nec
581 2124 748 2176 dignitas
765 2131 978 2176 3113331111ς
1006 2124 1167 2177 ipsaque
1184 2125 1252 2164 1113
1276 2126 1345 2167 de-

213 2176 367 2218 lectatio
385 2177 647 2218 multitudinis
674 2178 723 2220 sit
749 2178 801 2219 ad
823 2180 938 2220 breve
962 2179 1237 2233 exiguumque
1243 2186 1343 2221 tem·
