1470 2402
235 117 314 154 448
589 117 999 159 PHAENOMENA.

239 224 409 277 Corpore
428 227 603 266 semifero
620 241 762 279 magno
782 228 1036 280 Capricornus
1053 227 1095 265 in
1112 227 1203 266 orbe
1214 238 1228 266 ε

236 281 368 327 Quem
388 294 477 319 cum
496 292 680 334 perpetuo
699 283 849 321 vestivit
866 283 1014 321 lumine
1031 282 1167 328 Titan,
1304 277 1359 318 60

236 334 417 373 Brumali
435 335 588 375 flectens
606 344 830 389 contorquet
848 345 1018 389 tempore
1036 347 1205 375 cursum.

237 388 326 426 Hoc
344 402 434 428 cave
454 399 490 428 te
504 399 622 442 ponto
641 391 794 430 studeas
813 389 1050 430 committere
1066 402 1197 428 mense
1212 403 1224 428 t

235 443 343 481 Nam
363 456 438 482 non
458 445 714 497 longinquum
735 446 901 497 spatium
920 446 1050 484 labere
1067 445 1251 482 diurnum
1263 455 1276 482 τ

237 497 277 535 N
281 510 330 535 on
350 498 509 537 hiberna
529 500 602 538 cito
621 500 793 538 volvetur
811 500 998 538 curriculo
1017 512 1119 538 nox:

238 551 418 590 Humida
436 565 512 591 non
532 568 610 592 sese
631 554 760 592 vestris
778 555 934 594 Aurora
951 553 1115 606 querelis
1302 551 1356 590 65

237 606 370 657 Ocyus
389 608 574 651 ostendet,
596 609 686 647 clari
705 609 922 660 praenuntia
939 608 1050 647 solis:

237 660 296 698 At
315 660 450 700 validis
472 675 602 713 aequor
620 663 789 714 pulsabit
808 663 951 701 viribus
969 664 1138 700 Auster:

237 713 344 752 Tum
367 717 491 754 fixum
512 718 676 754 tremulo
695 718 889 768 quatietur
906 717 1046 768 frigore
1063 728 1213 767 corpus.

237 768 312 806 Sed
333 777 461 808 tamen
481 771 572 808 anni
587 772 670 821 jam
688 771 874 810 labuntur
891 778 1063 822 tempore
1081 777 1175 817 toto,

236 823 402 862 Nec-cui
421 825 617 876 signorum
638 826 792 872 cedunt,
812 838 938 877 neque
955 824 1114 863 flamina
1130 824 1266 871 vitant,
1305 822 1359 868 70

236 877 321 915 Nec
338 886 519 917 metuunt
537 892 649 918 canos
667 880 863 918 minitanti
881 892 1081 917 murmure
1099 877 1250 918 fluctus.

235 931 373 983 Atque
392 934 507 971 etiam
527 947 678 986 supero,
700 935 789 972 navi
806 934 1019 986 pelagoque
1038 940 1213 984 vagatus,

236 984 389 1033 Mense,
411 988 684 1040 Sagittipotens
703 989 792 1027 solis
810 1001 899 1027 cum
919 987 1079 1026 sustinet
1097 987 1243 1025 orbem.

236 1039 276 1077 N
280 1053 342 1078 am
359 1042 441 1090 jam
457 1055 546 1080 cum
562 1043 691 1080 minus
706 1043 847 1094 exiguo
864 1043 935 1080 lux
954 1050 1125 1093 tempore
1137 1047 1276 1092 praesto
1289 1046 1362 1089 est,

237 1093 326 1132 Hoc
345 1095 499 1146 signum
519 1097 672 1135 veniens
691 1104 870 1149 poterunt
887 1107 1119 1148 praenoscere
1132 1102 1287 1134 nautae:

235 1147 265 1185 J
267 1161 330 1186 am
351 1163 470 1201 prope
492 1151 754 1203 praecipitante
772 1151 901 1190 licebit
918 1151 1037 1189 visere
1057 1156 1181 1198 nocte,
1309 1147 1363 1194 76

238 1202 295 1240 Ut
315 1216 394 1242 sese
413 1205 612 1244 ostendens
632 1206 792 1257 emergit
810 1205 989 1257 Scorpius
1007 1204 1097 1251 alte,

235 1255 447 1296 Posteriore
465 1259 616 1298 trahens
634 1259 781 1297 flexum
800 1259 839 1297 vi
855 1258 1019 1310 corporis
1038 1270 1171 1296 arcum
1186 1271 1198 1295 z

233 1310 263 1348 J
266 1323 329 1348 am
349 1325 466 1363 supra
484 1326 612 1351 cernes
629 1313 743 1352 Arcti
761 1320 876 1365 caput
895 1325 975 1351 esse
993 1311 1166 1355 minoris,

232 1363 288 1402 Et
307 1367 430 1417 magis
450 1374 617 1405 erectum
636 1367 686 1406 ad
704 1379 904 1406 summum
923 1366 1103 1405 versarier
1121 1366 1268 1404 orbem.
1304 1364 1358 1403 80

234 1418 343 1458 Tum
363 1433 442 1458 sese
461 1420 584 1460 Orion
604 1430 683 1460 toto
697 1423 781 1476 jam
800 1433 954 1472 corpore
973 1420 1102 1460 condit

233 1472 424 1512 Extrema
441 1488 561 1527 prope
580 1485 703 1521 nocte,
723 1484 761 1514 et
780 1475 958 1527 Cepheus
976 1474 1152 1514 conditur
1170 1480 1275 1521 ante,

233 1526 480 1567 Lumborum
499 1538 624 1576 tenus,
644 1543 668 1568 a
684 1529 849 1582 [prima]
871 1529 1053 1580 depulsus
1071 1528 1120 1567 ad
1137 1527 1274 1566 undas.

232 1580 325 1628 Hic,
347 1583 504 1622 missore
523 1597 674 1631 vacans,
694 1584 847 1635 fulgens
861 1586 962 1634 jacet
980 1596 1059 1622 una
1076 1582 1239 1634 Sagitta,

231 1635 363 1683 Quam
384 1646 539 1689 propter
557 1639 681 1677 nitens
697 1639 824 1690 penna
842 1637 1078 1676 convolvitur
1095 1638 1193 1679 Ales
1206 1650 1218 1674 ε
1301 1635 1355 1674 85

229 1689 286 1728 Et
304 1691 445 1729 clinata
463 1693 586 1743 magis
604 1693 720 1744 paulo
739 1701 797 1731 est
813 1691 1024 1744 Aquilonis
1041 1691 1091 1730 ad
1109 1703 1233 1730 auras.

229 1745 290 1782 At
307 1755 462 1796 propter
481 1760 519 1785 se
537 1746 687 1798 Aquila
705 1746 853 1785 ardenti
871 1759 961 1785 cum
979 1758 1134 1797 corpore
1151 1750 1294 1796 portat,

233 1796 452 1849 Igniferum
473 1801 645 1839 mulcens
661 1800 921 1839 tremebundis
939 1799 1081 1838 aethera
1097 1798 1248 1851 pennis,

228 1853 267 1890 N
274 1865 321 1890 on
345 1851 499 1905 [nimis]
521 1855 666 1906 ingenti
685 1868 774 1893 cum
794 1867 977 1906 corpore;
997 1853 1064 1892 sed
1082 1865 1198 1905 grave
1211 1849 1356 1890 mostis

230 1907 412 1945 Ostendit
431 1909 572 1955 nautis,
593 1911 819 1960 perturbans
838 1921 1006 1960 aequora,
1023 1907 1190 1959 signum.
1301 1906 1355 1946 90

228 1960 337 1998 Tum
357 1962 488 2013 magni
507 1975 645 2001 curvus
665 1963 888 2014 Capricorni
907 1975 1062 2014 corpora
1080 1968 1236 2013 propter

229 2013 451 2065 Delphinus
466 2017 580 2065 jacet,
599 2017 705 2055 haud
724 2017 844 2059 nimio
861 2016 1039 2056 lustratu'
1053 2016 1189 2063 nitore,

226 2068 371 2108 Praeter
390 2070 657 2122 quadruplices
675 2071 803 2111 stellas
821 2071 861 2108 in
879 2070 1004 2108 fronte
1020 2070 1176 2117 locatim,

225 2121 336 2169 Quas
354 2123 600 2163 intervallum
619 2125 728 2164 binas
746 2124 985 2164 disterminat
1003 2136 1142 2162 unum.

223 2176 374 2215 Caetera
390 2190 477 2229 pars
496 2178 603 2225 latet,
624 2192 668 2218 ac
687 2179 795 2218 tenui
812 2191 902 2218 cum
920 2178 1069 2217 lumine
1086 2175 1214 2229 serpit.
1294 2176 1349 2216 9⁵

221 2227 320 2277 Illae,
337 2244 426 2283 quae
444 2231 595 2284 fulgent
612 2233 718 2272 luces
737 2246 784 2272 ex
803 2245 869 2274 ore
887 2244 1055 2281 corusce,
