1470 2402
294 115 374 156 DE
403 117 1111 166 OFFICIIS‚L11‚111.CA1›.34.
1186 119 1264 157 331

142 223 210 263 sed
236 237 338 277 aqua
366 225 498 274 haeret,
525 234 571 265 ut
596 226 730 265 aiunt:
761 239 854 265 nam
880 227 951 279 qui
975 234 1100 278 potest
1124 233 1272 278 tempe-

141 279 308 317 rantiam
333 281 490 319 laudare
519 281 566 327 15,
587 281 655 333 qui
680 290 798 332 ponat
827 294 1027 319 summum
1053 283 1200 320 bonum
1228 281 1271 318 in

142 333 370 385 voluptate?
399 335 473 373 Est
499 336 603 374 enim
633 336 884 386 temperantia
907 335 1115 373 libidinum
1140 335 1271 372 11111111-

143 400 215 426 ca·
203 417 215 433 ‚
245 388 422 427 libidines
441 398 571 427 autem
591 390 872 428 consectatrices
886 389 1105 441 voluptatis.

197 442 334 494 Atque
351 443 389 480 in
409 443 469 481 his
488 452 617 482 tamen
636 444 758 482 tribus
776 444 993 495 generibus,
1010 456 1166 495 quoquo
1184 455 1270 481 mo-

143 495 194 534 do
204 505 378 547 possunt,
395 510 473 536 non
485 498 662 537 incallide
677 498 798 549 tergiv
801 507 984 536 ersantur.
1015 497 1270 539 Prudentiam

142 550 406 599 introducunt,
453 553 650 591 scientiam
692 553 1000 604 suppeditantem
1038 552 1267 603 v,oluptates

142 603 398 656 depellentem
429 606 587 645 dolores.
638 607 923 645 Fortitudinem
953 619 1108 658 quoque
1139 606 1270 657 aliquo

142 659 260 697 modo
274 661 497 713 expediunt,
519 674 608 699 cum
627 661 798 707 tradunt,
824 661 1012 699 rationem
1030 660 1271 712 negligendae

141 714 292 762 mortis,
330 716 644 767 perpetiendique
681 690 833 754 doloris.
882 715 1014 753 Etiam
1053 723 1271 766 temperan-

142 767 239 806 tiam
257 768 462 817 inducunt,
486 783 564 808 non
583 770 766 808 facillime
784 770 842 807 illi
861 769 1034 821 quidem,
1055 769 1121 807 sed
1140 777 1271 807 tamen

143 835 301 874 quoquo
314 824 431 862 modo
449 832 632 875 possunt:
654 825 787 863 dicunt
803 824 921 872 enim,
938 823 1145 874 voluptatis
1157 836 1269 874 mag-

142 876 360 916 nitudinem
379 878 519 917 doloris
540 879 770 918 detractione
785 878 898 916 finiri.
929 878 957 916 J
961 878 1091 916 ustitia
1102 877 1270 927 vacillat,

144 931 206 969 vel
221 933 322 980 jacet
340 933 482 983 potius,
503 945 712 984 omnesque
731 947 784 971 eae
803 933 974 980 xirtutes,
996 946 1084 983 quae
1102 932 1141 969 in
1166 945 1271 970 com-

142 986 333 1024 munitate
352 996 573 1035 cernuntur,
594 996 631 1026 et
656 988 696 1025 in
721 987 897 1026 societate
922 986 1069 1037 generis
1094 986 1270 1024 humani.

143 1039 286 1092 Neque
318 1042 421 1079 enim
451 1042 615 1089 bonitas,
647 1055 716 1080 nec
745 1042 966 1088 liberalitas,
998 1053 1067 1079 nec
1098 1041 1270 1088 comitas,

143 1105 223 1132 esse
241 1102 378 1146 potest,
399 1108 475 1133 non
497 1096 585 1147 plus
605 1109 724 1147 quam
753 1096 935 1142 amicitia,
958 1095 988 1132 si
1006 1095 1088 1133 haec
1107 1107 1183 1132 non
1203 1108 1274 1146 per

143 1161 183 1186 se
202 1157 445 1200 expetantur,
466 1150 531 1188 sed
558 1150 607 1188 ad
632 1151 870 1202 voluptatem
896 1148 1150 1188 utilitatemve
1175 1149 1273 1187 refe-

140 1211 286 1241 rantur.

196 1257 403 1297 XXXIV.
418 1258 672 1298 Conferamus
683 1259 801 1311 igitur
812 1259 852 1297 in
864 1271 1007 1310 pauca:
1023 1271 1129 1305 nam,
1139 1265 1184 1296 ut
1197 1258 1274 1296 uti-

139 1311 289 1351 litatem
300 1313 450 1352 nullam
463 1327 541 1353 esse
553 1314 768 1361 docuimus,
778 1328 866 1366 quae
875 1313 1065 1351 honestati
1077 1321 1171 1351 esset
1183 1325 1273 1351 con-

141 1367 282 1413 traria3
304 1368 356 1406 sic
375 1381 531 1407 omnem
551 1370 789 1420 voluptatem
809 1369 972 1407 dicimus
986 1368 1176 1406 honestati
1195 1380 1274 1406 esse

139 1422 382 1460 contrariam.
413 1422 505 1471 Quo
523 1423 648 1474 magis
659 1422 988 1475 reprehendendos
1001 1422 1272 1473 Calliphonem

143 1482 181 1513 et
195 1476 486 1515 Dinomachum
501 1478 648 1527 judico,
665 1478 734 1529 qui
754 1491 791 1516 se
811 1478 1040 1515 diremturos
1057 1485 1273 1514 controver-

141 1529 239 1568 siam
257 1538 377 1582 putav
378 1540 503 1578 erunt,
525 1532 556 1570 si
575 1545 664 1570 eum
683 1532 879 1570 honestate
898 1532 1151 1582 voluptatem,
1172 1540 1273 1568 tam-

142 1597 263 1645 quam
285 1598 375 1623 cum
393 1586 550 1624 homine
564 1587 765 1638 pecudem,
786 1586 960 1637 copulav'
949 1593 1077 1623 lssent.
1108 1585 1200 1622 Non
1214 1597 1272 1623 re-

142 1638 236 1690 cipit
267 1639 381 1677 istam
414 1641 721 1690 conjunctionem
758 1641 961 1684 honestas;
1004 1639 1270 1690 adspernatur‚

141 1693 305 1744 repellit.
346 1694 432 1733 Nec
446 1708 534 1733 vero
553 1694 640 1733 finis
658 1697 848 1733 bonorum
871 1693 928 1743 [et
946 1694 1179 1754 malorum],
1201 1693 1271 1754 qui

143 1747 309 1799 simplex
328 1761 406 1786 esse
434 1748 560 1796 debet,
588 1762 635 1787 ex
655 1749 906 1787 dissimilibus
925 1749 1037 1786 rebus
1065 1747 1216 1785 misceri
1234 1754 1272 1785 et

141 1802 348 1853 temperari
374 1810 511 1854 potest.
559 1804 636 1842 Sed
661 1803 709 1842 de
727 1803 798 1841 hoc
819 1807 979 1853 (magna
992 1802 1099 1840 enim
1119 1815 1178 1840 res
1201 1807 1273 1850 est)

139 1857 217 1895 alio
230 1857 314 1895 loco
332 1857 520 1908 pluribus.
569 1858 688 1896 Nunc
703 1858 752 1896 ad
770 1857 1020 1909 propositum.
1070 1855 1272 1904 Quemad-

141 1911 304 1949 modum
323 1911 455 1962 igitur,
477 1912 509 1950 si
528 1912 684 1964 quando
704 1926 761 1960 83,
790 1925 877 1964 quae
897 1911 1088 1949 videretur
1106 1910 1268 1959 utilitas,

140 1964 333 2003 honestati
351 1974 555 2017 repugnat,
576 1966 822 2016 dijudicanda
847 1979 906 2005 res
925 1966 986 2011 sit,
1015 1965 1104 2004 satis
1129 1972 1185 2003 est
1207 1978 1273 2003 su-

139 2033 212 2071 pra
236 2020 489 2071 disputatum.
533 2021 602 2060 Sin
621 2029 748 2060 autem
772 2021 935 2073 speciem
953 2019 1130 2058 utilitatis
1155 2019 1273 2058 etiam

141 2074 319 2125 voluptas
337 2074 478 2113 habere
499 2075 661 2122 dicetur,
682 2076 792 2114 nulla
809 2082 934 2127 potest
952 2088 1030 2113 esse
1049 2074 1083 2112 ei
1098 2087 1188 2113 cum
1202 2074 1273 2112 ho-

141 2136 288 2166 nestate
317 2130 561 2178 conjunctio:
592 2143 699 2177 nam,
724 2137 769 2169 ut
794 2130 1011 2168 tribuamus
1029 2128 1177 2180 aliquid
1205 2140 1273 2166 vo-

140 2182 302 2275 lugltlati1³
317 2183 552 2225 condimenti
569 2184 727 2226 fortasse
750 2184 942 2235 nonnihil,
966 2183 1144 2225 utilitatis
1172 2189 1274 2224 certe

141 2236 183 2275 ni
214 2236 222 2243 '
243 2265 255 2287 ,
304 2238 445 2278 abebit.
