1470 2402
195 124 273 168 176
354 122 433 162 DE
463 114 727 171 LEGIBUS,
748 121 847 160 LIB.
869 121 935 161 11.·
950 120 1056 161 Cn.
1077 122 1143 161 23.
1157 115 1166 120 ”

191 230 333 270 tificale
363 231 573 270 confirmat.
616 231 738 281 Nam,
771 231 997 283 priusquam
1027 230 1070 268 in
1102 243 1144 269 os
1174 229 1315 280 injecta

195 285 309 336 gleba
327 292 395 334 aet,
414 286 520 324 locus
537 286 617 333 ille,
643 285 712 324 ubi
730 293 941 324 crematum
960 291 1015 323 est
1039 297 1190 336 corpus,
1216 284 1314 322 nihil

196 339 314 378 habet
332 339 535 390 religionis.
566 339 715 389 Injecta
728 340 854 390 gleba,
874 346 960 377 tum
979 345 1017 377 et
1034 338 1113 377 11110
1130 339 1314 376 humatus

197 400 266 442 est,
287 400 325 432 et
341 394 454 444 gleba
468 401 648 438 vocatur-3
670 407 713 432 ac
727 401 812 431 tum
826 393 991 453 denique
1004 393 1129 430 multa
1142 392 1318 443 religiosa

192 448 285 497 jura
302 447 576 498 complectitur.
625 447 790 499 Itaque
779 460 820 485 m
839 460 897 494 eo,
925 446 1007 498 qui,
1033 446 1073 483 in
1099 446 1188 484 navi
1205 457 1317 484 neca-

197 509 274 550 tus,
304 501 467 539 deinde
457 514 498 538 m
516 514 622 539 mare
640 502 828 552 projectus
848 509 956 547 esset,
977 500 1141 539 decrevit
1157 500 1202 537 P.
1217 499 1315 537 Mu-

199 555 294 603 cius,
323 555 510 593 familiam
538 567 690 606 puram,
721 555 823 606 quod
853 569 894 594 os
924 568 1039 606 supra
1070 562 1210 593 terram
1239 566 1318 591 non

199 616 363 647 exstaret
380 623 390 647 z
420 622 575 660 porcam
593 609 735 647 haeredi
755 622 833 647 esse
853 615 1098 657 contractam,
1119 615 1155 647 et
1173 608 1319 646 haben-

199 663 267 701 das
288 663 458 701 triduum
484 663 609 711 ferias,
637 670 673 701 et
697 676 811 714 porco
833 662 978 700 femina
995 662 1191 713 piaculum
1210 661 1316 713 pati:

199 717 231 755 si
250 718 290 755 in
304 717 402 755 mari
421 725 595 755 mortuus
614 724 723 765 esset,
744 717 891 766 eadem,
911 724 1048 769 praeter
1066 716 1264 768 piaculum
1282 722 1321 754 et

200 771 324 809 ferias.

255 825 424 863 XXIII.
435 825 603 863 Atticus.
617 825 756 873 Video,
774 839 861 877 quae
875 825 951 864 sint
964 825 1004 863 in
1016 823 1210 876 pontificio
1220 823 1319 873 jure.

203 879 279 918 Sed
298 892 441 931 quaero,
463 879 650 941 quidnam
669 880 717 918 sit
735 881 774 918 in
793 880 953 931 legibus.
983 881 1164 917 Marcus.
1192 878 1322 916 Pauca

201 946 306 982 53110,
323 933 426 981 Tite,
441 941 492 982 et,
509 934 566 972 uti
585 934 759 985 arbitror,
780 947 857 972 non
882 934 1012 985 ignota
1030 935 1147 972 vobis.
1178 932 1253 970 Sed
1277 945 1322 970 03

201 1000 280 1025 11011
299 995 379 1025 tam
398 987 447 1026 ad
465 987 688 1039 religionem
707 995 890 1040 spectant,
911 1000 1029 1039 quam
1048 987 1176 1036 adjus
1195 987 1322 1037 sepul-

202 1054 367 1080 crorum.
412 1044 440 1064 “
458 1041 670 1080 Hominem
685 1042 926 1089 mortuum,”
959 1041 1087 1093 inquit
1099 1040 1188 1079 1011
1177 1054 1218 1078 111
1230 1039 1322 1078 XII

201 1095 357 1143 tabulis,
376 1095 430 1117 “
420 1108 461 1133 1n
472 1097 567 1134 urbe
585 1109 634 1134 ne
646 1096 815 1148 sepelito,
829 1108 923 1134 neve
936 1095 1078 1133 urito.’'
1108 1095 1246 1142 Credo,
1261 1095 1322 1132 vel

202 1157 358 1202 propter
382 1149 481 1200 ignis
499 1150 724 1200 periculum.
754 1149 873 1197 Quod
898 1156 1027 1187 autem
1046 1148 1165 1196 addit,
1184 1151 1212 1171 “
1226 1161 1322 1187 neve

203 1203 347 1251 urito,''
366 1202 522 1251 indicat,
543 1216 620 1242 non
640 1204 707 1255 qui
732 1212 878 1250 uratur,
900 1202 1062 1254 sepeliri,
1075 1203 1141 1241 sed
1160 1202 1227 1254 qui
1244 1202 1319 1240 hu-

203 1265 343 1296 metur.
372 1258 542 1295 Atticus.
563 1257 685 1306 Quid,
707 1257 774 1309 qui
792 1265 878 1309 post
896 1257 985 1296 XII
1004 1257 1043 1294 in
1067 1258 1162 1295 urbe
1180 1257 1322 1308 sepulti

204 1318 308 1359 sunt,
338 1311 430 1349 clari
457 1311 559 1350 viri?
590 1313 770 1349 Marcus.
801 1311 939 1359 Credo,
967 1311 1071 1358 Tite,
1095 1310 1224 1358 fuisse,
1254 1317 1322 1348 aut

202 1379 280 1414 eos,
301 1366 442 1417 quibus
466 1366 538 1403 hoc
557 1373 644 1403 ante
668 1366 767 1404 hanc
791 1366 916 1416 legem
942 1365 1091 1403 vinutis
1116 1366 1229 1403 causa
1254 1365 1321 1402 tri-

201 1421 343 1458 butum
363 1426 431 1467 est,
452 1428 496 1458 ut
522 1420 745 1468 Publicolae,
772 1428 817 1457 ut
842 1420 1029 1466 Tuberto,
1058 1419 1162 1470 quod
1187 1432 1320 1457 eorum

201 1474 342 1526 posteri
358 1475 444 1523 jure
463 1481 691 1520 tenuerunt3
724 1481 790 1512 aut
809 1487 883 1521 eos,
898 1474 929 1511 si
941 1475 1009 1525 qui
1022 1473 1107 1520 hoc,
1121 1480 1165 1510 ut
1178 1473 1223 1511 C.
1241 1473 1319 1510 Fa-

203 1528 361 1574 bricius,
380 1528 529 1566 virtutis
548 1528 675 1575 causa,
696 1528 810 1566 soluti
828 1528 990 1579 legibus,
1011 1527 1199 1565 consecuti
1218 1534 1319 1565 sunt.

203 1582 280 1620 Sed
297 1582 338 1619 in
351 1582 457 1620 Urbe
470 1582 618 1633 sepeliri
635 1583 699 1620 lex
718 1589 831 1620 vetat.
862 1582 924 1620 Sic
942 1582 1135 1619 decretum
1155 1595 1178 1619 a
1195 1581 1322 1632 ponti-

204 1636 322 1674 ficum
342 1636 513 1687 coUegiO,
534 1649 611 1675 non
631 1649 708 1674 esse
732 1637 809 1685 jus,
831 1636 870 1673 in
889 1636 972 1674 1000
990 1635 1143 1686 publico
1163 1635 1244 1673 fieri
1263 1648 1321 1674 se-

203 1691 395 1741 pulcrum.
436 1690 477 1728 N
481 1691 570 1728 ostis
590 1698 697 1728 extra
714 1698 863 1741 portam
883 1689 1074 1728 Collinam
1094 1689 1213 1727 aedem
1236 1689 1321 1728 Ho-

203 1744 329 1783 noris:
362 1751 399 1782 et
417 1757 523 1782 aram
541 1744 581 1782 in
601 1757 644 1782 eo
663 1745 745 1782 loco
763 1743 892 1791 fuisse,
913 1743 1107 1781 memoriae
1123 1743 1320 1795 proditum

205 1806 272 1836 est.
313 1797 381 1835 Ad
409 1811 493 1836 eam
518 1811 607 1836 cum
639 1798 784 1836 lamina
815 1806 910 1836 esset
941 1798 1109 1844 inventa,
1141 1805 1178 1835 et
1205 1797 1245 1835 in
1275 1798 1320 1836 03

203 1852 402 1903 scripturn,
434 1854 462 1874 “
481 1852 654 1890 Domina
673 1852 867 1897 Honoris;
872 1853 897 1869 ”
927 1865 971 1890 03
995 1865 1107 1890 031153
1131 1851 1206 1889 fuit
1231 1851 1322 1890 aedis

204 1905 321 1955 hujus
340 1906 570 1944 dedicandae.
611 1906 700 1955 Sed,
715 1919 803 1945 cum
821 1906 973 1944 multa
963 1919 1003 1943 m
1030 1919 1073 1944 eo
1091 1906 1174 1944 loco
1193 1906 1321 1956 sepul-

204 1972 268 1997 cra
290 1960 464 2007 fuissent,
485 1968 639 1998 exarata
664 1968 764 1998 sunt.
805 1960 946 1999 Statuit
971 1960 1074 1998 enim
1100 1959 1319 2010 collegium,

204 2013 333 2051 locum
350 2014 550 2066 publicum
568 2027 645 2052 non
663 2014 829 2066 potuisse
847 2014 996 2066 privata
1019 2013 1199 2064 religione
1223 2013 1321 2051 obli-

205 2067 300 2117 gari.

189 2143 192 2146 <
270 2120 364 2158 Jam
385 2130 517 2160 caetera
541 2122 581 2160 in
608 2121 713 2170 XII,
733 2122 933 2160 minuendi
959 2129 1108 2160 sumtus
1132 2121 1318 2159 lamenta-

206 2174 401 2226 tionesque
427 2175 582 2223 funeris,
609 2177 791 2214 translata
815 2176 862 2213 de
881 2176 1028 2214 Solonis
1053 2175 1131 2214 fere
1155 2175 1316 2226 legibus.

187 2250 191 2253 ·
207 2230 235 2251 “
256 2228 344 2268 Hoc
361 2229 492 2281 plus,'’
519 2229 660 2281 inquit,
692 2233 720 2252 ‘⁶
735 2243 784 2270 ne
801 2230 926 2272 facito.
974 2230 1133 2281 Rogum
1151 2229 1252 2269 ascia
1266 2241 1317 2267 ne
