1470 2402
262 80 340 155 Dr:
362 86 782 138 DIVINATIONE,
806 91 906 128 Lm.
925 91 982 129 11.
1004 91 1109 130 CAP.
1125 93 1190 130 42.
1248 65 1324 128 85*

174 197 294 237 fracto
313 211 406 236 saxo
425 207 540 236 sortes
559 199 738 249 erupisse,
767 198 807 235 in
827 199 959 236 robore
978 200 1184 250 insculptas
1202 199 1297 250 pris-

174 265 308 291 carum
340 252 538 290 literarum
571 253 682 290 notis.
731 253 770 290 Is
804 260 859 290 est
890 253 1004 291 hodie
1035 254 1140 291 loeus
1168 261 1296 304 septus

172 306 360 357 religiose,
391 315 545 357 propter
564 307 674 344 ,Iovis
702 306 832 352 Pueri,
864 307 945 357 qui,
976 306 1173 358 [lactens,]
1208 320 1296 344 cum

171 360 345 408 Junone,
374 360 555 397 Fortunae
579 361 618 397 iu
644 360 788 410 gremio
814 360 959 407 sedens,
989 374 1203 398 mammam
1229 374 1296 411 ap-

171 421 318 465 petens,
360 414 565 452 castissime
598 415 734 452 colitur
768 427 790 451 a
822 415 1019 452 matribus.
1068 415 1295 465 Eodemque

171 475 357 518 tempore,
377 468 417 505 in
437 481 480 505 eo
498 468 595 514 loco,
616 468 684 505 ubi
702 468 883 505 Fortunae
901 480 1003 506 nunc
1023 468 1094 506 sita
1113 476 1167 506 est
1183 469 1294 515 aedes,

174 522 254 559 mel
276 535 324 560 ex
350 522 433 559 olea
457 521 611 559 fluxisse
637 522 794 567 dicunt3
826 522 1118 573 haruspicesque
1142 522 1294 568 dixisse,

175 576 329 614 summa
343 576 540 614 nobilitate
559 576 643 613 fflas
658 583 772 613 sortes
786 575 935 614 futuras
949 591 960 620 ς
992 589 1199 628 eorumque
1215 578 1296 625 jus-

175 641 235 677 SU,
266 642 313 667 ex
338 630 408 667 illa
433 630 516 667 olea
541 642 667 667 aream
692 643 770 667 esse
794 630 949 677 factam,
979 631 1099 681 eaque
1128 630 1297 668 conditas

175 690 306 731 sortes,
336 697 423 734 quae
440 683 553 721 hodie
573 684 604 721 F
608 691 756 721 ortunae
772 683 921 721 monitu
941 684 1139 721 tolluntur.
1187 684 1296 731 Quid

174 737 292 787 igitur
306 737 346 774 in
364 736 424 775 his
442 744 565 788 potest
584 751 661 775 esse
681 737 784 783 certi,
806 751 905 788 quae,
928 738 1109 775 Fortunae
1126 739 1292 785 monitu,

177 791 288 842 pueri
305 804 425 829 manu
443 791 663 838 miscentur,
685 799 799 842 atque
816 791 1008 829 ducuntur
1022 794 1039 829 ?
1069 792 1160 839 Quo
1178 793 1295 830 modo

176 852 307 882 autem
325 845 405 883 istae
422 845 554 896 positae
572 845 612 882 in
637 846 704 882 illo
723 846 805 882 loco
819 848 836 883 ,0
867 845 966 892 Quis
985 847 1100 883 robur
1119 846 1215 883 illud
1235 859 1294 884 ce-

175 899 282 947 cidit,
308 898 463 946 dolavit,
490 899 708 950 inscripsit?
738 899 850 936 Nihil
875 908 943 947 est,
969 899 1164 950 inquiunt,
1190 900 1294 951 quod

176 953 285 990 Deus
310 952 454 991 efficere
482 965 560 990 non
589 953 717 1004 possit.
748 953 909 990 Utinam
940 953 1124 1004 sapientes
1149 954 1294 992 Stoicos

175 1006 368 1053 effecisset,
397 1019 445 1044 ne
471 1007 600 1044 omnia
619 1007 875 1058 superstitiosa
894 1007 1145 1045 sollicitudine
1165 1014 1200 1045 et
1218 1008 1293 1045 mi-

176 1060 272 1098 seria
291 1060 507 1098 crederent!
540 1060 615 1098 Sed
638 1061 711 1099 hoc
736 1061 891 1111 quidem
915 1073 1034 1111 genus
1053 1061 1294 1100 divinationis

174 1114 253 1153 vita
277 1115 360 1164 jam
390 1115 603 1152 communis
633 1114 806 1166 explosit.
854 1115 952 1152 Fani
981 1114 1225 1166 pulchritudo
1255 1123 1293 1154 et

173 1175 353 1217 vetustas,
383 1169 704 1206 Praenestinarum
724 1168 839 1206 etiam
857 1181 960 1206 nunc
977 1169 1112 1206 retinet
1131 1170 1291 1208 sortium

172 1234 327 1270 nomen,
357 1229 471 1274 atque
489 1222 529 1259 id
546 1223 587 1260 in
606 1223 755 1273 vulgus.
792 1222 892 1269 Quis
910 1223 1012 1260 enim
1031 1223 1289 1273 magistratus,

173 1283 242 1314 aut
259 1276 346 1328 quis
364 1276 421 1314 vir
438 1277 634 1324 illustrior,
663 1276 785 1314 utitur
804 1277 966 1314 sortibus
980 1279 998 1315 t>
1028 1276 1059 1314 C
1064 1277 1183 1315 aeteris
1202 1291 1291 1315 vero

172 1330 214 1368 in
243 1330 334 1368 locis
360 1337 474 1368 sortes
499 1331 612 1381 plane
637 1330 888 1368 refrixerunt:
919 1330 1022 1382 quod
1053 1331 1290 1369 Carneadem

174 1384 435 1423 Clitomachus
455 1385 582 1422 scribit
600 1384 721 1422 dicere
740 1384 908 1432 solitum,
938 1397 1129 1435 nusquam
1156 1398 1194 1422 se
1213 1385 1290 1423 for-

173 1438 417 1485 tunatiorem,
434 1451 551 1489 quam
568 1439 772 1486 Praeneste,
785 1438 922 1476 vidisse
936 1439 1160 1476 Fortunam.
1181 1439 1288 1490 Ergo

172 1493 245 1531 hoc
263 1492 502 1530 divinationis
521 1505 641 1542 genus
660 1492 904 1530 omittamus.⁸

225 1546 367 1584 XLII.
395 1546 464 1584 Ad
495 1546 765 1584 Chaldaeorum
792 1554 963 1584 monstra
989 1546 1210 1585 veniamus:
1240 1546 1289 1585 de

172 1600 314 1652 quibus
345 1600 549 1647 Eudoxus,
580 1600 751 1638 Platonis
784 1600 947 1647 auditor,
983 1601 1040 1644 (in
1071 1601 1288 1651 astrologia,

171 1654 315 1715 judicio
333 1654 635 1692 doctissimorum
653 1654 869 1700 hominum,
890 1654 1000 1692 facile
1017 1653 1209 1705 princeps)
1237 1655 1290 1692 sic

175 1708 366 1759 opinatur,
395 1708 436 1745 id
468 1708 572 1759 quod
601 1708 783 1768 scriptum
814 1708 981 1769 reliquit,
1012 1708 1286 1755 Chaldaeis,m
1248 1709 1256 1716 ’

171 1761 417 1813 praedictione
442 1768 479 1799 et
502 1762 543 1799 in
568 1762 760 1800 notatione
785 1763 969 1813 cujusque
993 1761 1081 1799 vitae
1103 1775 1150 1799 ex
1170 1762 1289 1799 natali

172 1815 249 1864 die,
269 1815 429 1853 minime
447 1828 524 1853 esse
543 1816 783 1854 credendum.
813 1816 1000 1853 Nominat
1020 1816 1133 1853 etiam
1150 1816 1288 1854 Panae-

171 1870 264 1918 tius,
294 1869 362 1920 qui
385 1881 485 1907 unus
509 1882 530 1907 e
555 1870 690 1908 Stoicis
719 1869 993 1920 astrologorum
1021 1869 1200 1920 praedicta
1229 1883 1287 1907 re-

167 1924 274 1973 jecit,
289 1923 528 1961 Archelaum
547 1931 584 1961 et
603 1922 875 1971 Cassandrum,
892 1936 1061 1961 summos
1080 1924 1286 1974 astrologos

171 1977 277 2016 illius
296 1977 429 2024 aetatis,
449 1978 527 2028 qua
542 1985 621 2015 erat
634 1977 727 2029 ipse,
749 1989 838 2015 cum
856 1977 896 2014 in
915 1977 1057 2015 caeteris
1075 1977 1287 2028 astrologiae

171 2030 346 2082 partibus
378 2031 616 2078 excellerent,
655 2032 727 2069 hcc
759 2031 1010 2082 praedictionis
1041 2043 1177 2082 genere
1207 2043 1286 2069 non

172 2098 274 2123 usos.
304 2085 443 2136 Scylax
463 2085 786 2131 Halicarnasseus,
806 2085 1003 2122 familiaris
1023 2084 1198 2128 Panaetii,
1220 2098 1288 2122 ex-

172 2139 311 2176 cellens
324 2138 365 2175 in
379 2139 595 2190 astrologia,
615 2139 793 2190 idemque
810 2139 851 2176 in
868 2138 1033 2190 regenda
1052 2139 1120 2176 sua
1139 2139 1287 2176 civitate

171 2193 362 2243 princeps,
390 2199 515 2231 totum
540 2193 612 2231 hoc
637 2193 893 2232 Chaldaicum
917 2192 1146 2244 praedicendi
1168 2204 1288 2244 genus

234 2247 419 2295 (Philas.)
440 2258 544 2284 vor„
567 2259 630 2285 JV.
948 2258 962 2283 1
