1470 2402
153 107 178 145 8
248 103 327 144 DE
355 102 781 153 DIVINATIONE,
803 103 905 144 Lm.
926 103 962 143 1.
983 103 1092 144 Cn.
1121 105 1184 143 ll.

153 215 259 255 enim
293 226 427 253 omnes
462 213 541 252 fere
578 221 754 253 utuntur.
808 212 920 262 Quid
933 215 952 253 ?
993 213 1042 252 de
1078 213 1282 266 fulgurum

152 270 192 309 vi
221 268 397 308 dubitare
425 281 522 306 num
552 281 756 320 possumus
773 269 792 308 ‚⁹
840 268 996 317 Nonne,
1031 280 1121 306 cum
1153 268 1283 307 multa

152 324 230 363 alia
255 323 461 370 mirabilia,
481 331 568 361 tum
594 323 693 361 illud
720 323 761 361 in
787 323 952 375 primis?
982 335 1072 362 cum
1100 323 1283 362 Summa.

152 391 241 427 nus,
279 378 320 416 in
358 377 511 429 fastigio
548 378 659 416 Jovis
689 377 845 430 Optimi
878 377 1050 416 Maximi
1081 377 1167 430 (qui
1194 386 1280 415 tum

151 441 232 471 erat
259 432 418 479 fictilis),
450 445 471 471 e
501 432 593 471 coelo
620 432 719 470 ictus
750 440 860 480 esset,
891 445 962 470 nec
998 445 1165 484 usquam
1199 432 1282 481 ejus

152 487 348 526 simulacri
373 495 490 539 caput
517 487 764 535 inveniretur,
793 486 1012 538 haruspices
1036 486 1078 524 in
1104 485 1282 525 Tiberim

151 542 192 580 id
211 542 418 594 depulsum
445 554 524 580 esse
551 541 757 587 dixerunt;
787 541 903 594 idque
926 541 1129 579 inventum
1156 548 1213 579 est
1238 553 1283 578 eo

151 596 250 644 loco,
279 595 349 649 qui
374 604 470 634 esset
492 597 540 634 ab
566 595 831 647 haruspicibus
850 595 1145 634 demonstratus.

206 650 284 689 XI.
315 650 393 690 Sed
422 664 500 702 quo
527 650 654 702 potius
679 659 765 689 utar
792 658 861 688 aut
890 658 1043 689 auctore
1072 657 1141 688 aut
1170 656 1279 697 teste,

153 718 272 758 quam
291 707 360 744 te?
391 706 500 754 cujus
519 704 653 743 edidici
669 705 784 743 etiam
803 718 947 751 versus,
969 712 1006 742 et
1018 704 1182 742 libenter
1196 704 1283 756 qui·

153 760 258 808 dem,
276 773 386 812 quos,
406 759 447 797 in
467 759 634 798 secundo
664 762 693 782 “
710 759 984 807 Consulatus,”
1004 758 1154 798 Urania
1171 771 1285 798 musa

154 814 409 866 pronuntiat:

261 928 291 947 “
314 924 509 976 Principio
528 924 681 962 aetherio
701 924 922 963 flammatus
941 923 1101 976 Jupiter
1118 922 1202 975 igni

263 979 454 1027 Vertitur,
476 987 513 1017 et
532 986 658 1017 totum
677 978 874 1018 collustrat
891 978 1041 1018 lumine
1059 977 1285 1023 mundum;

263 1033 478 1086 Menteque
497 1033 626 1071 divina
646 1034 785 1072 coelum
806 1042 1000 1085 terrasque
1018 1032 1202 1085 petessitz

262 1088 365 1136 Quae
391 1088 542 1140 penitus
569 1100 699 1127 sensus
724 1088 929 1127 hominum
957 1088 1132 1140 vitasque
1160 1094 1285 1127 reten-

375 1150 446 1192 tat,

265 1197 435 1236 AEtheris
454 1197 585 1236 aeterni
599 1205 706 1250 septa
719 1206 838 1251 atque
855 1197 1005 1237 inclusa
1021 1197 1204 1237 cavernis.

262 1251 331 1299 Et,
353 1251 385 1290 si
403 1252 601 1290 stellarum
619 1261 762 1300 motus,
783 1265 994 1305 mrsusque
1013 1259 1210 1304 vagantes,

263 1306 390 1344 Ndsse
406 1307 511 1355 velis,
533 1320 621 1359 quae
639 1307 715 1346 sint
733 1308 933 1359 signorum
951 1307 992 1346 in
1012 1306 1101 1345 sede
1117 1307 1265 1355 looetae,

264 1360 367 1408 Quae
387 1363 501 1400 verbo
521 1370 557 1400 et
576 1362 680 1400 falsis
701 1362 910 1401 Graiorum
930 1361 1086 1400 vocibus
1104 1368 1246 1410 errant,

266 1416 326 1454 Re
340 1416 429 1453 vera
449 1425 549 1454 certo
567 1416 677 1468 lapsu
697 1417 896 1469 spatioque
915 1416 1091 1454 feruntur
1108 1429 1122 1462 ς

265 1469 413 1509 Omnia
428 1471 512 1520 jam
534 1484 662 1509 cernes
680 1471 813 1509 divina
829 1479 960 1509 mente
978 1477 1121 1508 notata.

265 1524 373 1563 Nam
400 1525 573 1576 primum
601 1534 790 1564 astrorum
820 1525 1006 1575 volucres,
1038 1532 1077 1563 te
1108 1524 1280 1573 consule,

374 1587 518 1627 motus,

263 1633 559 1687 Concursusque
573 1647 706 1686 graves
717 1634 916 1674 stellarum
935 1633 1068 1672 ardore
1085 1633 1285 1680 micantes,

264 1688 332 1728 Tu
351 1701 520 1740 quoque,
541 1702 627 1728 cum
649 1690 820 1728 tumulos
837 1689 998 1728 Albano
1013 1688 1055 1727 in
1075 1695 1208 1727 monte
1226 1687 1287 1726 ni-

374 1744 477 1782 vales

265 1797 472 1845 Lustrasti,
493 1806 531 1837 et
547 1798 636 1837 laeto
655 1798 831 1838 mactasti
850 1799 949 1838 lacte
968 1797 1143 1846 Latinas,

266 1852 425 1900 Vidisti,
446 1860 484 1891 et
502 1853 604 1891 claro
622 1854 807 1892 tremulos
825 1853 959 1892 ardore
977 1860 1160 1899 cometas,

267 1906 314 1945 M
320 1907 478 1959 ultaque
496 1906 646 1945 misceri
664 1909 851 1947 nocturna
865 1917 991 1960 strage
1008 1906 1154 1959 putasti
1169 1920 1180 1944 =

265 1961 386 2009 Quod
400 1961 520 2001 ferme
538 1961 668 2000 dirum
687 1963 728 2000 in
747 1970 901 2015 tempus
919 1962 1087 2001 cecidere
1102 1960 1267 2006 Latinae

265 2016 371 2056 Cum
383 2015 526 2054 claram
545 2017 709 2067 speciem
728 2025 901 2056 concreto
918 2016 1068 2055 lumine
1086 2015 1181 2053 luna

264 2070 448 2120 Abdidit,
470 2078 507 2110 et
526 2071 652 2109 subito
671 2072 838 2110 stellanti
863 2079 974 2111 nocte
992 2077 1164 2133 peremta
1181 2076 1249 2108 est.

265 2124 378 2172 Quid
396 2137 485 2164 vero
505 2125 641 2163 Phoebi
660 2125 742 2172 fax,
763 2126 880 2165 tristis
899 2126 1038 2165 nuntia
1055 2123 1162 2171 belli,

265 2178 372 2229 Quae
385 2192 574 2231 magnum
592 2180 642 2220 ad
656 2181 834 2221 columen
851 2181 1052 2221 flammato
1066 2177 1200 2219 ardore
1219 2190 1286 2217 vo-
