1470 2402
264 72 343 112 DE
372 72 636 121 LEGIBUS,
665 73 767 113 Lm.
787 73 846 113 ΙΙ.
877 73 982 114 CAP.
1003 75 1069 121 27.
1146 77 1223 122 179

109 212 115 217 .
161 179 324 220 XXVI.
354 181 417 221 De
435 182 616 234 sepulcris
635 189 764 222 autem
781 183 879 221 nihil
907 191 962 222 ost
986 184 1090 236 apud
1115 185 1223 224 Solo-

107 246 198 274 nem
216 236 396 287 amplius,
417 250 550 288 quam,
583 240 611 260 “
630 249 678 275 116
697 238 782 289 quis
801 251 844 276 &a
862 237 998 285 deleat,
1019 251 1113 277 neve
1132 239 1223 278 alie-

105 301 203 327 num
214 290 393 328 inferatz'
397 291 622 342 ‘poenaque
637 299 705 339 est,
729 295 756 314 “
771 291 900 344 siquis
913 293 1100 331 bustum”
1114 296 1223 336 (nam

105 342 147 381 id
164 352 259 395 puto
277 344 461 395 appellari
481 343 605 393 Τυμβι
610 353 641 392 )
670 349 698 368 ‘⁴
719 353 786 383 aut
809 346 1135 395 monimentum,”
1161 348 1224 385 in-

105 398 203 448 quit,
235 400 263 420 ‘⁶
283 407 349 436 aut
368 400 601 447 columnam,
623 400 785 448 violarit,
813 399 1001 450 dejecerit,
1027 400 1192 452 fregerit.
1196 402 1222 419 ''

105 452 182 490 Sed
200 459 285 503 post
302 453 511 505 aliquanto,
532 462 686 505 propter
711 454 780 492 has
805 454 1078 506 amplitudines
1097 456 1223 507 sepul-

104 519 270 554 crorum,
302 521 397 568 quas
428 507 469 545 in
500 507 696 547 Ceramico
723 508 909 555 videmus,
935 508 1019 570 lege
1048 517 1223 548 sanctum

104 568 173 607 ωε,
206 563 233 583 “
253 573 302 598 116
329 562 415 613 quis
448 562 665 613 sepulcrum
697 562 835 601 faceret
866 562 1071 614 operosiuS,
1103 577 1222 615 quam

104 614 209 666 quod
238 614 368 653 decem
394 616 567 654 homines
593 616 782 654 effecerint
806 616 944 654 triduo.
949 617 974 634 ''
1016 617 1157 669 Neque
1182 618 1223 656 id

102 681 215 719 opere
239 669 393 708 tectorio
419 671 608 716 exornari,
634 683 703 709 nec
728 670 894 708 Hermas
918 671 989 709 hos
1017 674 1129 733 (quos
1157 685 1223 710 vo-

105 730 209 768 cant)
241 723 406 762 licebat
396 725 567 775 nnponi:
599 737 668 763 nec
693 724 740 762 de
765 724 908 762 mortui
930 724 1058 771 laude,
1084 726 1157 764 11151
1181 726 1222 764 111

104 777 268 827 publicis
287 778 516 829 sepulturis3
547 791 615 817 nec
635 780 682 816 ab
703 778 791 824 alio,
812 778 885 816 nisi
911 779 979 830 qui
1002 780 1155 830 publice
1174 780 1223 819 ad

104 843 189 868 eam
208 844 288 869 rem
304 832 529 870 constitutus
544 840 652 880 esset,
668 832 743 870 (1101
756 832 904 870 licebat.
935 833 1094 871 Sublata
1106 834 1222 872 etiam

103 892 183 922 erat
202 886 396 924 celebritas
415 887 583 925 virorum
603 899 646 924 ac
662 886 885 933 mulierum,
907 900 983 937 quo
1001 888 1223 927 lamentatio

103 939 363 978 minueretur:
404 940 518 979 habet
551 941 654 978 enim
683 941 833 978 luctum
866 953 1069 980 concursus
1097 941 1223 980 homi-

103 1005 211 1031 num.
260 993 450 1041 Quocirca
483 994 654 1032 Pittacus
691 994 848 1032 omnino
880 995 1055 1033 accedere
1086 1009 1223 1047 quem-

103 1060 222 1098 quam
242 1055 343 1086 vetat
360 1048 401 1086 in
425 1048 543 1086 funus
569 1049 745 1086 aliorum.
787 1048 862 1087 Sed
888 1048 941 1086 ait
966 1062 1096 1087 rursus
1118 1050 1221 1088 idem

102 1100 325 1140 Demetrius
364 1102 593 1141 increbuisse
619 1115 704 1141 eam
731 1102 912 1140 funerum
943 1103 1222 1154 sepulcrorum-

102 1169 178 1206 que
214 1156 553 1207 magnificentiam,
588 1171 675 1209 quae
707 1169 810 1194 nunc
846 1156 924 1195 fere
960 1158 1099 1196 Romae
1136 1168 1218 1197 est:

101 1222 220 1272 quam
246 1211 559 1250 consuetudinem
583 1212 667 1262 lege
691 1210 832 1248 minuit
860 1211 952 1262 ipse.
995 1212 1089 1250 Fuit
1118 1213 1221 1251 enim

98 1263 162 1302 hic
181 1265 251 1311 vir,
271 1272 316 1303 ut
334 1265 448 1313 scitis,
469 1278 547 1303 non
565 1266 691 1304 50111111
710 1265 999 1326 eruditissimus,
1021 1266 1085 1304 sed
1105 1267 1221 1305 etiam

99 1318 190 1357 civis
209 1332 230 1357 e
248 1319 443 1381 republica
453 1320 637 1367 maxime,
650 1319 878 1381 tuendaeque
896 1319 1056 1358 civitatis
1073 1321 1222 1371 peritis-

99 1373 232 1415 simus.
263 1374 341 1411 Iste
360 1374 477 1424 igitur
495 1382 668 1412 sumtum
686 1373 841 1422 minuit,
857 1386 935 1411 non
950 1374 1075 1411 solum
1093 1388 1219 1426 poera‚

101 1427 167 1465 sed
185 1427 299 1465 etiam
325 1435 523 1479 tempore:
555 1435 642 1466 ante
667 1428 794 1466 lucem
820 1427 923 1465 enim
946 1428 1059 1477 jussit
1084 1429 1219 1468 efferri.

103 1481 294 1532 Scpulcris
322 1489 450 1520 autem
479 1482 586 1520 novis
614 1482 738 1519 finivit
764 1481 950 1520 modum:
989 1494 1080 1520 nam
1108 1496 1222 1535 super

101 1541 210 1573 terrae
229 1536 424 1574 tumulum
445 1537 568 1574 noluit
587 1536 683 1588 quid
704 1536 833 1584 statui,
861 1536 934 1574 nisi
960 1536 1219 1585 columellam,

101 1589 224 1627 tribus
249 1590 386 1628 cubitis
411 1603 459 1628 ne
484 1591 671 1638 altiorem,
703 1598 770 1628 aut
793 1603 982 1636 mensam,
1010 1598 1076 1628 aut
1100 1591 1220 1629 label-

100 1643 210 1680 lum:
241 1651 279 1681 et
295 1644 385 1682 huic
403 1644 658 1696 procurationi
673 1652 818 1682 certum
836 1644 1104 1695 magistratum
1123 1658 1220 1696 prae-

100 1697 249 1735 fecerat.

155 1751 342 1789 XXVII.
374 1751 471 1790 Haec
487 1752 605 1803 igitur
621 1751 877 1790 Athenienses
895 1752 963 1789 tui.
998 1751 1074 1791 Sed
1092 1752 1220 1792 videa-

101 1818 190 1843 mus
215 1805 432 1852 Platonem,
461 1807 527 1857 qui
550 1808 655 1856 justa
678 1805 859 1843 funerum
885 1806 1004 1855 rejicit
1029 1806 1078 1843 ad
1102 1806 1220 1845 inter-

101 1867 224 1911 pretes
250 1860 504 1911 religionum:
536 1873 652 1911 quem
670 1872 740 1897 nos
757 1872 903 1898 morem
922 1868 1107 1898 tenemus.
1155 1860 1220 1900 De

102 1914 282 1965 sepulcris
308 1924 437 1952 autem
468 1913 558 1952 dicit
585 1914 690 1952 haec:
723 1913 841 1952 Vetat
868 1917 896 1936 ‘²
917 1926 964 1952 63
989 1926 1081 1965 agro
1099 1915 1216 1964 culto,

102 1981 192 2006 eove
216 1968 284 2019 qui
309 1968 382 2006 coli
407 1969 537 2019 possit,
567 1969 689 2006 ullam
713 1975 863 2019 partem
893 1968 993 2006 sumi
1018 1968 1214 2019 sepulcro:

101 2022 182 2070 sed,
212 2035 299 2073 quae
317 2030 454 2060 natura
473 2022 554 2074 agri
572 2021 839 2060 tantummodo
857 2022 1002 2060 efficere
1018 2022 1150 2073 possit,
1174 2031 1220 2062 ut

100 2084 342 2114 mortuorum
356 2089 513 2128 corpora
526 2077 605 2115 sine
619 2075 846 2115 detrimento
860 2076 1034 2115 vivorum
1048 2076 1217 2128 recipiat,

101 2130 147 2167 ea
178 2130 420 2181 potissimum
456 2138 501 2168 ut
537 2130 798 2181 compleatur:
839 2143 927 2182 quae
958 2138 1088 2168 autem
1121 2138 1220 2169 terra

100 2183 229 2235 fruges
254 2185 364 2232 ferre,
393 2193 442 2231 et,
471 2194 515 2223 ut
533 2192 669 2231 mater,
700 2184 803 2224 cibos
820 2184 1062 2237 suppeditare
1085 2185 1217 2237 possit,
