1470 2402
207 98 287 137 286
388 97 465 137 DE
486 96 748 148 OFFICIIS,
767 97 867 137 Lm.
882 97 941 145 II.
956 96 1063 147 13111).
1080 97 1146 141 23.

260 205 320 244 Α1
337 219 426 244 vero
443 205 590 245 Aratus
609 206 810 258 Sicyonius
821 207 907 256 jure
924 205 1119 253 laudatur,
1134 203 1216 256 qui,
1235 217 1327 247 cum

206 261 290 310 ejus
308 259 439 299 civitas
457 261 740 312 quinquaginta
758 273 877 299 annos
896 274 920 299 a
938 259 1110 311 tyrannis
1124 266 1328 309 teneretur,

205 314 396 365 prof-ectus
414 314 532 366 Argis
552 315 767 366 Sicyonem,
795 314 1028 354 clandestino
1053 313 1212 352 introitu
1234 316 1334 359 urbe

206 377 264 409 ost
280 368 434 430 potitus.
479 369 661 421 Cumque
678 377 924 420 tyrannum
907 368 1107 407 Nicoclem
1125 367 1332 430 improviso

209 423 468 483 oppressisset,
490 432 685 462 sexcentos
705 423 869 472 exsules,
890 422 958 475 qui
969 422 1122 461 fuerant
1143 422 1226 472 31115
1239 421 1331 463 eivi-

203 477 298 515 tatis
324 477 627 538 locupletissimi,
654 477 843 524 restituit,
871 490 1030 528 remque
1047 475 1244 528 publicam
1263 475 1332 514 ad-

202 539 324 570 ventu
344 544 412 570 suo
430 532 615 577 liberavit.
646 531 736 580 Sed,
749 544 838 570 cum
853 544 1037 582 magnam
1052 530 1331 569 animadverte-

206 593 263 623 ret
280 585 321 623 in
347 586 457 624 bonis
482 594 519 624 et
544 586 840 637 possessionibus
865 585 1143 633 difficultatem,
1162 583 1267 636 quod
1292 591 1332 623 31

207 652 271 679 305
290 653 386 692 quos
412 640 470 691 ips
473 654 493 678 e
515 640 746 701 restituerat,
766 653 933 692 quorum
952 641 1053 679 bona
1071 639 1138 682 3133
1155 637 1332 690 possede-

204 701 308 741 rant,
336 707 445 745 egere
470 694 757 756 iniquissimum
783 694 1053 741 arbitrabatur,
1074 700 1112 731 et
1136 693 1330 745 quinqua,

204 748 312 798 ginta
326 761 516 786 annorum
528 749 776 800 possessiones
788 747 932 786 moveri
946 760 1023 786 non
1038 747 1154 785 nimis
1172 760 1330 798 aequum

204 803 381 853 putabat,
397 811 597 854 propterea
616 803 719 854 quod
739 811 819 840 tam
837 803 953 852 longo
971 802 1094 853 spatio
1107 801 1232 842 multa
1249 801 1329 847 1113,-

204 856 444 917 reditatibus,
464 857 565 894 mult
567 871 590 894 a
616 857 860 901 emtionibus,
887 856 1013 895 multa
1036 855 1205 904 dotibus,
1226 862 1330 894 tene-

201 911 348 948 bantur
381 911 462 949 51113
491 911 659 960 injuria·
648 939 660 957 ,
698 910 898 960 judicavit,
931 922 1057 962 neque
1088 910 1165 948 illis
1195 909 1330 959 adimi,

205 976 331 1016 neque
349 965 409 1005 his
428 977 504 1003 11011
530 965 717 1013 satisfieri,
738 977 905 1016 quorum
930 964 998 1003 illa
1021 963 1191 1012 fuerant,
1215 977 1328 1015 opor-2

208 1025 298 1057 tere.
342 1019 445 1057 Cum
468 1019 585 1071 igitur
612 1019 817 1067 statuisset,
843 1031 940 1070 opus
967 1031 1047 1058 esse
1070 1017 1120 1056 ad
1137 1031 1222 1058 cam
1247 1031 1330 1064 rem

205 1073 344 1112 consti
332 1073 513 1111 1131111311]
549 1073 724 1125 pecunia,
758 1072 1040 1112 Alexandriam
1076 1085 1116 1112 se
1146 1071 1333 1124 proficisci

206 1127 304 1169 velle
323 1127 447 1172 dixit3
468 1140 626 1179 remque
643 1128 833 1179 integram
845 1127 1072 1165 adredimm
1086 1139 1202 1170 suum
1216 1126 1332 1176 jussit

206 1193 311 1222 esse:
342 1181 452 1232 isque
481 1182 649 1223 celeriter
679 1181 728 1220 ad
758 1182 1028 1229 Ptolemaeum,
1059 1193 1175 1219 suum
1202 1180 1333 1233 hospi-

203 1241 302 1282 tem,
323 1236 440 1283 venit,
461 1236 529 1287 qui
543 1245 627 1274 tum
641 1237 824 1287 regnabat
842 1236 938 1277 alter
951 1242 1037 1287 post
1047 1234 1332 1276 Alexandfiam

205 1289 427 1332 conditam:
457 1289 519 1331 eui
538 1303 627 1329 cum
647 1290 894 1341 exposuisset,
914 1289 1077 1340 patriam
1105 1302 1145 1327 se
1168 1289 1330 1328 liberare

199 1344 319 1391 -velle,
339 1357 570 1396 causamque
584 1344 770 1383 docuisset
783 1357 796 1390 ς
826 1357 850 1382 a
863 1357 950 1394 rege
961 1344 1143 1394 opulento
1155 1343 1212 1381 vir
1226 1355 1333 1381 sum-

201 1409 294 1436 mus
311 1397 422 1441 facile
440 1398 674 1449 impetravit,
691 1406 735 1436 ut
745 1398 883 1449 grandi
896 1398 1059 1449 pecunia
1070 1397 1328 1446 adjuvaretur.

201 1451 340 1500 Quam
358 1465 447 1491 cum
467 1452 670 1514 Sicyonem
690 1453 890 1501 attulisset,
911 1451 1086 1493 adhibuit
1097 1451 1169 1489 sibi
1182 1451 1224 1489 in
1238 1464 1328 1490 con-

201 1506 338 1545 silium
357 1506 578 1558 quindecim
600 1506 804 1558 principes,
827 1518 921 1545 cum
947 1505 1088 1558 quibus
1111 1518 1242 1547 causas
1267 1518 1330 1544 co·-

203 1560 337 1611 gnovit
361 1568 398 1600 et
422 1573 556 1603 eorum
582 1561 650 1612 qui
675 1561 798 1600 aliena
822 1561 1016 1608 tenebant,
1042 1567 1082 1598 et
1106 1572 1240 1598 eorum
1258 1560 1328 1611 qui

201 1627 276 1654 sua
299 1615 529 1656 amiserant:
559 1614 805 1668 perfecitque,
830 1614 1061 1654 aestimandis
1087 1613 1330 1675 110553551οηί-

203 1669 292 1716 bus,
312 1676 357 1711 ut
374 1669 617 1722 persuaderet
635 1669 734 1717 aliis,
755 1677 799 1708 ut
817 1668 1021 1721 pecuniam
1039 1668 1207 1719 accipere
1228 1668 1329 1706 mal-

203 1722 301 1771 lent,
330 1723 627 1774 possessionibus
655 1723 855 1769 cederent3
893 1723 991 1771 31115,
1019 1730 1064 1761 111
1091 1721 1331 1761 commodius

205 1785 400 1828 putarent,
420 1777 615 1816 numerari
626 1777 712 1825 sibi,
729 1777 833 1829 quod
847 1777 943 1816 tanti
957 1784 1066 1825 35531,
1081 1788 1200 1828 quam
1215 1788 1330 1816 suum

205 1843 439 1882 recuperare.
483 1832 547 1870 Ita
564 1832 776 1896 perfectum
795 1839 865 1879 est,
885 1839 931 1870 ut
952 1843 1099 1880 omnes,
1125 1829 1329 1869 concordia

207 1885 428 1932 constituta,
449 1885 530 1925 sine
548 1884 703 1939 querela
719 1886 964 1925 discederent.

263 1939 303 1978 Ο
322 1939 450 1978 virum
468 1952 672 1991 magnum,
692 1940 946 1992 dignumque,
971 1938 1040 1991 qui
1063 1938 1104 1976 in
1122 1937 1253 1977 nostra
1270 1951 1331 1977 re-

205 1992 361 2045 publica
378 2001 491 2032 natus
509 1995 629 2033 355311
660 1994 722 2033 Sic
746 2007 816 2046 par
841 2002 896 2032 351
914 2006 1025 2055 agere
1050 2005 1139 2031 cum
1165 1992 1325 2040 civibus,

206 2060 285 2086 non
305 2050 366 2092 (ut
385 2048 474 2086 bis
458 2060 542 2098 Jam
562 2048 745 2095 vidimus)
765 2048 915 2087 hastam
940 2048 981 2086 in
1005 2047 1089 2086 foro
1107 2059 1263 2099 ponere,
1291 2053 1330 2085 et

203 2102 307 2140 bona
320 2101 462 2146 civium
481 2102 563 2141 voci
581 2102 764 2163 subjicere
782 2102 976 2154 praeoonis.
1005 2102 1066 2140 At
1082 2101 1148 2140 ille
1167 2100 1327 2140 Graecus

203 2155 278 2204 (id,
298 2156 403 2207 quod
427 2156 503 2195 fuit
531 2156 712 2218 sapientis
738 2163 776 2195 et
799 2155 1013 2208 praestantis
1038 2154 1126 2203 viri)
1143 2153 1327 2200 omnibus

204 2209 482 2251 consulendum
500 2210 674 2263 putavit·
705 2223 827 2263 eaque
844 2217 900 2250 351
917 2221 1070 2250 summa
1088 2208 1184 2252 ratio
1206 2215 1245 2255 31
1262 2219 1323 2255 53-
