1470 2402
126 101 205 141 126
433 97 512 137 DE
541 96 715 146 FATO,
746 95 860 137 cim·
877 98 940 138 19.

126 217 247 257 retur,
268 208 300 247 si
318 207 450 247 omnia
473 207 649 259 perfectis
674 214 712 246 et
732 207 1007 260 principalibus
1028 207 1151 247 causis
1171 207 1255 248 fieri

127 265 355 310 diceremus,
387 270 446 310 ut,
474 275 562 300 cum
582 262 644 300 hae
669 275 793 300 causae
816 274 894 300 non
913 269 1036 300 essent
1061 262 1101 300 in
1125 263 1257 302 nostra

130 325 331 370 potestate,
354 330 403 355 ne
421 317 486 355 ille
506 316 663 368 quidem
683 324 778 354 esset
796 316 836 354 in
854 317 985 355 nostra
1002 324 1200 368 potestate.

185 373 466 420 Quamobrem,
488 371 557 422 qui
575 371 628 408 ita
647 371 771 408 fatum
790 371 1053 417 introducunt,
1067 379 1111 409 ut
1130 384 1258 410 neeffl-

131 427 283 466 sitatem
303 426 531 476 adjungant,
551 425 592 462 in
613 438 675 463 eos
694 425 835 463 valebit
855 425 922 463 illa
940 425 1145 464 conclusio.
1175 425 1260 474 Qui

132 490 263 520 autem
277 494 407 519 causas
427 479 689 517 antecedentes
707 492 785 517 non
797 479 930 518 dicunt
940 480 1124 531 perfectas
1136 492 1262 533 neque

132 535 374 587 principales,
395 534 435 571 in
455 547 517 571 eos
536 534 634 570 nihil
653 533 806 572 valebit.
836 534 955 582 Quod
970 535 1073 572 enim
1088 534 1265 573 dicantur

134 590 367 629 assensiones
386 588 467 626 fieri
487 588 608 626 causis
628 587 862 638 antepositis,
883 588 924 626 id
939 589 1054 640 quale
1072 589 1136 636 sit,
1152 589 1265 628 facile

134 659 158 683 a
177 658 215 682 se
235 643 416 695 explicari
435 650 584 693 putant.
617 643 738 689 Nam,
753 655 991 694 quamquam
1004 643 1169 682 assensio
1187 656 1266 682 non

134 699 253 751 possit
273 698 368 744 fieri,
389 697 463 734 nisi
482 705 675 735 commota
693 696 798 742 viso;
829 705 958 735 tamen
978 710 1067 736 cum
1082 697 1123 735 id
1141 699 1268 736 visum

136 753 356 805 proximam
386 764 540 789 causam
573 751 726 797 habeat,
762 763 840 790 non
869 752 1136 803 principalem,
1167 753 1268 792 hanc

138 808 254 846 habet
274 806 475 851 racionem,
505 809 565 846 (ut
590 805 831 856 Chrysippus
850 806 950 853 vult)
976 818 1095 858 quam
1115 806 1267 846 dudum

138 862 324 908 diximus,
344 873 436 906 non,
458 868 502 897 ut
521 860 587 897 illa
606 859 763 911 quidem
783 859 864 898 fieri
879 860 997 912 possit
1015 861 1126 899 nulla
1144 861 1183 899 vi
1200 874 1268 900 ex-

141 917 325 954 trinsecus
359 914 536 961 excitata,
573 918 738 956 (necesse
771 922 827 953 (ξι
859 915 977 962 enim,
1012 915 1269 955 assensionem

89 1023 103 1027 -
140 971 221 1009 viso
240 968 514 1015 commoveri),
505 983 514 992 ·
547 968 612 1006 sed
631 968 831 1007 revertitur
849 969 898 1007 ad
914 969 1148 1021 cylindrum,
1164 977 1203 1009 et
1220 967 1291 1010 ad
1313 981 1328 987 Δ,
1341 981 1355 995 .-

142 1025 337 1063 turbinem
357 1036 487 1070 suum,
504 1036 592 1074 quae
605 1036 695 1061 mov
697 1023 750 1060 eri
764 1023 944 1075 incipere,
960 1024 1033 1062 nisi
1050 1025 1177 1076 pulsa,
1193 1037 1272 1064 non

143 1086 315 1131 possunt.
346 1078 395 1116 Id
414 1086 545 1115 autem
565 1090 654 1115 cum
673 1077 823 1124 accidit,
844 1078 978 1129 suapte
997 1079 1150 1126 natura,
1166 1080 1272 1132 quod

145 1141 331 1186 superest,
364 1140 401 1171 et
432 1131 651 1183 cylindrum
679 1131 795 1180 volvi,
831 1141 868 1170 et
902 1133 1043 1171 versari
1067 1134 1274 1181 turbinem

144 1196 269 1241 putat.

200 1242 322 1281 XIX.
353 1241 410 1279 Ut
436 1241 567 1303 igitur,
587 1241 729 1293 inquit,
751 1242 819 1294 qui
838 1242 1022 1293 protrusit
1039 1243 1272 1294 cylindrum,

145 1297 251 1336 dedit
281 1297 315 1335 ei
342 1296 577 1347 principium
609 1296 803 1344 motionis,
835 1297 1114 1335 xolubilitatem
1143 1306 1275 1338 autem

146 1365 224 1390 non
251 1351 381 1395 dedit;
413 1351 465 1388 sic
484 1363 609 1388 wsum
629 1351 823 1412 objectum
849 1350 1046 1402 imprimet
1068 1352 1167 1390 iuud
1186 1354 1274 1406 qui-

147 1407 251 1453 dem,
274 1413 311 1443 et
330 1405 440 1457 quasi
458 1405 653 1456 signabit
643 1417 683 1442 m
704 1405 834 1443 animo
852 1418 962 1443 suam
982 1406 1176 1458 speciem;
1206 1408 1274 1447 sed

148 1460 314 1499 assensio
333 1459 462 1497 nostra
477 1459 547 1497 erit
566 1459 604 1497 in
625 1467 832 1510 potestate:
859 1472 1000 1521 eaque,
1021 1461 1274 1512 quemadmo-

147 1515 273 1553 dum
262 1527 303 1552 in
323 1513 496 1565 cylindro
514 1513 661 1551 dictum
681 1522 751 1562 est,
772 1514 1005 1552 extrinsecus
1022 1516 1147 1566 pulsa,
1169 1517 1275 1568 quod

149 1570 344 1621 reliquum
366 1576 435 1615 est,
458 1568 593 1619 suapte
618 1568 655 1606 vi
671 1577 709 1606 et
727 1568 865 1606 natura
885 1569 1112 1608 movebitur.
1154 1570 1275 1619 Quod

150 1624 183 1663 si
202 1625 334 1676 aliqua
351 1635 410 1661 res
437 1622 646 1661 efficeretur
672 1623 752 1661 sine
780 1622 895 1661 caus-21
920 1623 1178 1672 antecedente,
1202 1625 1277 1664 fal-

150 1691 238 1718 sum
257 1685 367 1726 esset,
388 1676 519 1715 omnia
537 1677 617 1715 fato
636 1677 744 1715 fieri:
776 1677 835 1715 sin
860 1677 1053 1726 omnibus,
1081 1692 1278 1731 quaecum.

151 1746 228 1785 que
261 1733 375 1780 fiunt,
410 1731 614 1770 verisimile
642 1739 697 1769 est
724 1744 879 1770 musam
907 1732 1152 1779 antecedere;
1182 1735 1278 1786 quid

151 1787 279 1825 afferri
296 1786 448 1839 poterit,
466 1799 534 1824 cur
545 1798 623 1824 non
639 1786 770 1824 omnia
787 1786 867 1824 fato
885 1785 967 1825 fieri
985 1786 1185 1826 fatendum
1200 1789 1277 1829 sit?

152 1841 269 1879 modo
299 1841 550 1892 intelligatur,
590 1854 678 1892 quae
707 1841 755 1880 sit
781 1853 984 1879 causarum
1011 1841 1204 1882 distinctio
1234 1856 1280 1883 ac

153 1895 439 1934 dissimilitudo.

211 1950 308 1989 Haec
333 1963 423 1989 cum
449 1950 504 1988 ita
530 1950 606 1988 sint
630 1963 653 1989 a
677 1950 895 2002 Chrysippo
920 1950 1123 2003 explicata,
1149 1952 1181 1990 si
1206 1952 1279 2002 illi,

156 2004 224 2056 qui
255 2012 398 2056 negant
426 2005 659 2043 assensiones
684 2005 764 2043 fato
791 2005 887 2053 fien‘,
914 2005 1106 2044 fateantur
1133 2014 1280 2057 tamen,

157 2071 220 2096 eas
253 2071 330 2097 non
359 2059 440 2096 sine
469 2059 548 2096 viso
576 2060 822 2098 antecedente
848 2059 955 2105 fieri;
985 2060 1062 2098 alia
1088 2061 1184 2099 ratio
1210 2069 1278 2100 δὴ

157 2112 234 2151 Sed
251 2113 284 2150 si
312 2113 538 2159 concedunt,
559 2115 704 2152 anteire
731 2115 825 2161 visa,
846 2126 915 2153 nec
938 2122 1067 2152 tamen
1094 2115 1173 2154 fato
1198 2115 1279 2157 fieri

155 2167 401 2215 assensiones,
417 2167 522 2218 quod
536 2169 715 2219 proxima
732 2168 800 2207 illa
818 2176 856 2207 et
869 2169 1065 2207 continens
1076 2181 1191 2209 causa
1203 2183 1280 2210 non

151 2228 310 2267 moveat
327 2222 612 2272 assensionem3
643 2222 744 2273 vide,
763 2235 813 2263 ne
837 2223 941 2263 idem
959 2223 1101 2265 dicant.
1142 2223 1283 2280 ‚Neqoe
