1470 2402
307 83 386 125 DE
415 84 681 136 OFFICIIS,
712 85 813 125 1113.
836 86 895 127 11.
926 86 1032 127 CAP.
1053 88 1092 126 8.
1186 86 1267 124 265

131 193 390 249 exquirerent.
418 194 459 235 O
476 195 678 245 miserum,
694 196 763 248 qui
776 195 988 236 fideliorem
1002 204 1041 236 et
1053 197 1262 236 barbarum

130 258 169 289 et
188 250 424 302 stigmatiam
450 257 616 302 putaret,
638 264 758 302 quam
785 252 1016 303 conjugem!
1060 252 1146 290 Nec
1171 262 1263 290 811111

123 305 263 344 fefellit
288 303 486 357 [opini02]
518 306 566 344 ab
586 305 631 343 ea
651 305 755 343 enim
774 314 830 344 est
862 307 958 359 ipse,
990 314 1147 359 propter
1178 305 1263 358 pel-

124 360 262 398 licatus
291 359 560 412 suspicionem,
580 359 814 399 interfectus.

179 414 223 453 N
225 427 267 454 88
281 426 370 453 vero
383 414 466 452 ulla
481 414 537 452 vis
551 414 704 466 imperii
723 422 830 453 tanta
849 423 918 463 est,
939 429 1041 468 quae,
1062 423 1264 467 premente

125 475 249 517 metu,
268 468 389 521 possit
407 481 486 507 esse
501 468 696 507 diuturna.
727 469 855 508 Testis
870 479 925 509 est
942 471 1133 518 Phalaris,
1150 471 1263 521 cujus

124 531 196 571 est,
228 530 367 575 praeter
397 530 565 571 caeteros,
595 523 798 562 nobilitata
824 525 1053 571 crudelitas;
1087 525 1158 577 qui
1182 537 1261 564 non

125 591 175 618 ex
193 578 342 617 insidiis
359 577 517 626 interiit,
539 585 584 616 ut
608 578 654 625 is,
676 592 794 630 quem
819 579 936 618 modo
961 580 1057 626 dixi,
1082 580 1262 618 Alexan-

124 633 219 680 der;
249 645 328 672 non
346 646 371 671 a
388 632 535 684 pauciS,
556 640 601 671 ut
618 633 681 671 hic
700 641 852 680 noster3
883 634 949 673 sed
973 635 1015 672 in
1034 647 1152 686 quem
1170 635 1261 673 uni-

121 700 231 727 versa
271 687 623 739 Agrigentinorum
665 688 878 727 multitudo
917 689 1109 741 impetum
1155 688 1258 727 fecit.

121 741 264 791 Quid?
304 741 540 780 Macedones
571 754 699 780 nonne
728 741 975 782 Demetrium
1003 743 1256 795 reliquerunt,

105 796 367 849 *universique
400 809 439 835 se
472 796 522 834 ad
553 796 752 848 Pyrrhum
786 798 1066 837 contulerunt?
1110 797 1248 846 Quid
1237 800 1258 822 ⁹

119 851 448 897 Lacedaemonios,
486 851 629 900 injuste
661 851 907 903 imperantes,
942 864 1070 891 nonne
1102 861 1261 904 repente

118 918 253 946 01111185
267 906 346 945 fere
360 905 451 944 socii
465 904 727 954 deseruerunt,
745 914 1048 959 spectatoresque
1062 919 1101 946 se
1119 907 1261 946 otiosos

121 962 372 1014 praebuerunt
391 959 604 999 Leuctricae
623 960 852 999 calamitatis
865 964 883 1000 ’ἓ

175 1015 303 1055 VIII.
328 1014 504 1053 Externa
521 1015 720 1063 libentius,
741 1015 782 1053 in
802 1015 870 1054 tali
888 1029 943 1064 re,
964 1029 1084 1068 quam
1103 1016 1257 1055 domes-

121 1070 210 1117 tica,
231 1069 418 1109 recordor.
448 1069 732 1108 Verumtamen
751 1070 940 1122 quamdiu
958 1070 1166 1123 imperium
1186 1084 1259 1123 po-

121 1125 207 1177 puli
226 1123 398 1163 Romani
414 1123 609 1162 beneficiis
628 1126 844 1172 tenebatur,
865 1137 943 1164 non
963 1125 1130 1175 injuriis,
1151 1126 1255 1164 bella

118 1187 189 1219 aut
214 1192 285 1231 pro
313 1178 422 1218 sociis
450 1186 518 1217 aut
545 1178 594 1217 de
628 1178 791 1231 imperio
825 1182 1086 1231 gerebantur;
1127 1180 1254 1219 exitus

120 1242 229 1274 erant
239 1234 431 1273 bellorum
445 1240 514 1272 aut
527 1233 654 1281 mites,
670 1241 738 1272 aut
751 1235 962 1273 necessarii.
993 1235 1166 1286 Regum,
1182 1248 1254 1286 po.

119 1289 318 1341 pulorum,
334 1287 551 1335 nationum,
567 1295 700 1340 portus
715 1295 795 1327 erat
814 1297 851 1328 et
868 1289 1065 1341 refugium
1084 1297 1251 1328 senatus.

120 1343 257 1383 Nostri
267 1350 398 1382 autem
409 1342 656 1395 magistratus
669 1343 1008 1396 imperatoresque,
1023 1357 1070 1382 ex
1085 1344 1158 1382 hac
1172 1344 1254 1383 unii.

119 1411 176 1447 re,
191 1397 407 1437 maximam
420 1397 578 1436 laudem
592 1410 726 1449 capere
740 1397 959 1448 studebant,
976 1399 1007 1437 si
1020 1398 1250 1450 provincias,

119 1453 153 1492 si
171 1453 304 1501 socios,
325 1452 506 1504 aequitate
524 1459 562 1491 et
584 1451 661 1491 fide
686 1452 956 1492 defendissent.
994 1412 1135 1505 Itzque
1152 1453 1253 1491 illud

117 1507 377 1560 patrocinium
395 1507 498 1546 orbis
515 1514 626 1546 terrae
643 1507 784 1556 verius,
805 1520 924 1560 quam
943 1507 1166 1560 imperium,
1181 1520 1253 1559 po-

118 1569 217 1601 terat
235 1561 438 1600 nominari.
468 1561 620 1601 Sensim
637 1561 738 1600 hanc
756 1562 1073 1601 consuetudinem
1089 1569 1126 1601 et
1140 1561 1254 1600 disci-

117 1617 270 1679 plinam
298 1616 382 1666 jam
409 1623 523 1654 antea
550 1616 852 1663 minuebamus;
891 1624 978 1668 post
1010 1629 1100 1655 vero
1132 1616 1254 1655 Sullae

119 1670 332 1718 victoriam,
352 1670 507 1722 penitus
525 1670 738 1709 amisimus.
778 1671 961 1710 Desitum
987 1678 1044 1710 est
1066 1671 1171 1710 enim
1195 1670 1253 1709 vi-

119 1725 204 1764 deri
222 1724 437 1777 quidquam
455 1724 497 1762 in
516 1725 634 1764 socios
652 1724 848 1777 iniquum,
869 1738 959 1764 cum
985 1725 1189 1764 exstitisset
1209 1725 1252 1763 in

119 1780 220 1819 cives
247 1786 355 1818 tanta
381 1778 596 1818 crudelitas.
639 1778 748 1831 Ergo
774 1780 816 1818 in
843 1779 911 1818 illo
939 1788 1069 1818 secuta
1096 1787 1152 1818 est
1179 1779 1251 1818 ho-

119 1842 270 1874 nestam
289 1846 445 1872 causam
463 1846 541 1872 non
555 1833 715 1872 honesta
728 1834 896 1873 victoria.
926 1833 1000 1872 Est
1015 1834 1118 1872 enim
1133 1847 1252 1874 ausus

118 1889 258 1937 dicere,
282 1887 394 1927 hasta
418 1888 557 1940 posita,
584 1901 674 1927 cum
700 1890 803 1927 bona
828 1888 869 1926 in
893 1888 976 1927 foro
1004 1889 1184 1928 venderet
1211 1896 1250 1928 et

117 1945 310 1983 bonorum
335 1943 521 1991 virorum,
550 1950 588 1981 et
613 1943 867 1995 locupletum,
897 1952 935 1982 et
961 1950 1063 1982 certe
1087 1943 1247 1992 civium,

116 1998 290 2052 praedam
309 2011 420 2036 suam
439 2010 479 2036 se
497 1997 672 2036 vendere.

172 2054 335 2092 Secutus
360 2060 430 2101 est,
456 2052 540 2104 qui,
569 2052 611 2090 in
638 2051 753 2091 musa
779 2052 916 2105 impia,
944 2052 1102 2092 victoria
1130 2053 1247 2092 etiam

115 2107 288 2156 foediore,
321 2119 402 2145 non
431 2107 673 2158 singulorum
704 2107 848 2146 civium
880 2109 984 2147 bona
1015 2107 1245 2160 publicaret,

117 2162 185 2202 sed
202 2161 398 2201 universas
414 2161 628 2214 provincias
645 2161 895 2214 regionesque
913 2174 993 2201 11110
1018 2162 1248 2201 calamitatis

114 2218 204 2269 jure
221 2215 570 2268 comprehenderet.
610 2216 763 2270 Itaque,
783 2216 930 2257 vexatis
947 2224 986 2257 et
1001 2216 1161 2270 perditis
1179 2228 1248 2256 ex-

174 2271 366 2320 (Philos.)
386 2280 492 2310 von.
511 2282 561 2310 iv
563 2300 574 2310 .
849 2272 875 2310 2
890 2284 919 2310 A
