1470 2402
258 75 338 117 DE
367 77 631 127 LEGIBUS,
661 77 762 116 Lm.
784 78 842 117 ΙΙ.
873 77 979 117 ΟΑΡ.
999 80 1079 118 20.
1144 80 1221 126 173

118 209 123 214 ·
158 185 248 226 Hoc
275 198 354 224 uno
377 186 515 238 posito,
543 186 647 238 quod
676 194 732 226 est
761 186 810 225 ad
837 187 1091 239 cognitionem
1116 187 1229 228 disci-

104 239 223 292 plinae
255 240 358 289 satis,
393 241 689 279 innumerabilia
720 249 942 289 nascuntur,
980 242 1121 294 quibus
1152 243 1228 281 im-

102 295 258 346 plentur
268 294 624 344 jurisconsultorum
641 295 741 334 libri.
772 296 1012 344 Quaeruntur
1025 296 1142 343 enim,
1159 297 1229 348 qui

102 348 388 410 adstringantur
407 348 530 387 sacris.
562 349 776 387 Haeredum
791 363 903 388 831153
919 349 1130 412 justissima
1144 358 1224 389 est:

102 403 212 440 nulla
225 411 280 441 est
295 403 397 441 enim
416 416 589 454 persona,
606 417 693 454 quae
712 404 762 442 ad
776 405 896 442 vicem
912 405 1007 453 ejus,
1031 405 1098 465 qui
1113 418 1133 442 e
1147 405 1229 443 vita.

103 457 357 508 emigraverit,
396 457 554 508 Ρ1οΡ1115
585 458 748 496 accedat.
796 458 962 506 Deinde,
1004 458 1072 509 qui
1104 468 1227 498 morte

102 517 376 550 testamentove
395 512 476 561 ejus
495 512 737 550 tantumdem
760 512 897 564 capiat,
925 521 1116 564 quantum
1142 526 1226 551 om-

102 576 169 603 1185
197 565 391 604 haeredes:
430 565 471 603 id
499 579 653 618 quoque
685 566 840 605 ordine:
877 574 933 604 est
960 567 1064 605 enim
1092 567 1141 604 ad
1168 567 1223 616 id,

102 619 206 680 quod
231 620 471 682 propositum
491 628 559 668 est,
586 621 928 659 accommodatum.
973 621 1106 659 Tertio
1125 622 1223 669 loeo,

102 673 133 711 si
158 685 272 712 nemo
291 675 339 712 sit
358 674 522 722 haeres,
511 687 557 723 15,
579 675 646 726 qui
666 675 714 714 de
732 676 854 723 bonis,
877 688 964 727 quae
983 676 1064 725 ejus
1082 675 1225 714 fuerint

102 739 193 766 cum
229 728 406 775 moritur,
444 742 518 767 11511
556 729 695 790 ceperit
731 730 947 781 plurimum
983 729 1223 790 possidendo.

103 780 268 831 Quarto,
296 783 328 820 si
346 795 460 821 nemo
487 783 549 830 sit,
577 783 644 835 qui
662 784 785 822 ullam
804 797 885 822 rem
904 783 1058 834 ceperit,
1079 783 1127 822 de
1146 797 1225 822 cre-

102 835 290 875 ditoribus
316 838 412 887 ejus,
442 838 511 890 qui
535 837 750 899 plurimum
776 846 908 876 servet.
952 837 1141 876 Extrema
1158 838 1226 876 1113

101 903 262 942 persona
281 899 351 939 aet,
374 899 416 929 ut
434 891 481 939 is,
502 892 570 944 qui
590 892 637 940 ei,
659 892 727 944 qui
744 900 920 930 mortuus
939 892 1001 939 sit,
1022 892 1225 943 pecuniam

100 944 288 994 debuerit,
317 945 540 997 neminique
560 959 645 984 eam
665 947 830 995 solverit,
851 946 1009 998 perinde
1023 946 1223 995 habeatur,

101 1000 212 1051 quasi
231 1012 316 1037 eam
335 1000 537 1051 pecuniam
557 1000 707 1051 ceperit.

155 1053 253 1091 XX.
283 1054 381 1093 Haec
399 1067 468 1092 nos
487 1068 510 1092 a
529 1054 698 1093 Scaevola
713 1054 942 1101 didicimus3
972 1067 1049 1093 non
1079 1055 1133 1093 ita
1159 1055 1224 1094 de-

101 1107 241 1159 scripta
254 1109 302 1146 ab
317 1108 496 1160 antiquis.
527 1109 635 1147 Nam
649 1109 707 1146 illi
721 1110 879 1161 quidem
898 1109 958 1147 his
977 1110 1101 1148 verbis
1115 1110 1225 1148 doce-

100 1163 208 1210 bant,
238 1163 360 1201 tribus
378 1163 503 1201 modis
522 1163 634 1202 538115
653 1163 861 1215 adstringi:
892 1163 1136 1210 haereditate3
1158 1172 1226 1202 aut

100 1215 133 1254 si
163 1217 350 1266 majorem
378 1225 526 1269 partem
554 1218 726 1269 pecuniae
754 1219 902 1270 capiat3
933 1227 1014 1267 aut,
1043 1219 1074 1256 si
1102 1220 1226 1268 major

99 1283 188 1322 pars
215 1272 387 1322 pecuniae
418 1272 545 1324 legata
573 1280 643 1320 est,
671 1272 703 1311 si
726 1272 816 1311 inde
841 1272 1042 1325 quidpiam
1071 1273 1223 1324 ceperit.

101 1325 177 1364 Sed
196 1326 417 1388 pontificem
436 1340 655 1388 sequamur.

154 1379 305 1419 Videtis
334 1381 452 1432 igitur
481 1381 611 1420 omnia
621 1381 804 1445 pendere
829 1395 878 1420 ex
906 1394 985 1420 uno
1010 1381 1090 1428 1110,
1121 1381 1226 1433 quod

99 1434 296 1485 pontifices
314 1436 519 1486 pecuniam
538 1435 651 1475 sacris
673 1437 856 1487 conjungi
882 1437 1039 1475 volunt:
1069 1436 1224 1474 iisdem-

99 1501 176 1539 que
189 1488 301 1527 ferias
316 1497 353 1527 et
372 1490 606 1528 caerimonias
625 1491 890 1529 adscribendas
908 1498 1058 1552 putant.
1087 1491 1224 1541 Atque

98 1541 216 1580 etiam
241 1543 334 1582 dant
361 1544 434 1583 hoc
463 1545 655 1593 Scaevolae,
685 1546 790 1597 quod
815 1552 871 1584 est
895 1545 1072 1606 partitio.
1104 1552 1161 1593 ut,
1192 1544 1224 1582 si

102 1593 163 1644 [in
182 1604 408 1636 testamento
427 1598 603 1646 deducta,
624 1600 762 1651 scripta
780 1612 858 1637 non
878 1600 992 1652 sit,]'
982 1613 1039 1650 ips
1041 1599 1131 1649 ique
1148 1598 1223 1635 1111

98 1661 173 1687 11115
198 1651 378 1702 ceperint,
399 1666 519 1703 quam
537 1654 717 1692 omnibus
735 1653 950 1692 haeredibus
968 1653 1220 1704 relinquatur,

99 1704 212 1742 sacris
230 1717 278 1743 ne
295 1705 512 1757 alligentur.
561 1707 610 1746 In
630 1708 847 1754 donatione,
872 1708 944 1745 hoc
968 1707 1086 1744 iidem
1114 1720 1221 1745 secus

97 1757 419 1821 interpretantur·
450 1768 487 1799 et
505 1761 610 1812 quod
627 1762 912 1813 paterfamilias,
940 1761 981 1799 in
1002 1762 1083 1810 ejus
1102 1761 1220 1798 dona-

95 1812 200 1851 tione
219 1813 288 1865 qui
305 1814 346 1851 in
365 1814 485 1865 1Ρ51115
502 1822 686 1866 potestate
701 1823 809 1863 esset,
830 1815 1068 1877 approbavit,
1090 1822 1220 1853 ratum

97 1874 176 1905 est.
207 1868 313 1919 quod
338 1881 382 1906 eo
404 1869 586 1908 insciente
609 1869 756 1908 factum
775 1876 844 1920 est,
871 1869 904 1908 si
928 1869 970 1907 id
996 1869 1029 1908 is
1053 1881 1131 1908 non
1150 1883 1220 1921 apa

95 1923 247 1973 probat,
268 1929 395 1960 ratum
414 1935 491 1961 non
511 1931 578 1961 est.

151 1975 228 2014 His
253 1978 468 2028 propositis,
499 1977 786 2040 quaestiunculae
816 1978 951 2016 multae
981 1984 1214 2016 nascuntur.
1204 1992 1214 2002 ·

95 2042 192 2090 quas
217 2031 285 2082 qui
306 2044 385 2069 non
409 2031 612 2094 intelligat,
641 2033 673 2071 si
698 2033 747 2071 ad
772 2040 887 2083 caput
911 2031 1062 2080 referat,
1091 2045 1159 2083 per
1178 2045 1218 2070 se

94 2083 177 2135 ipse
195 2084 305 2124 facile
322 2086 546 2137 perspiciat·
578 2087 710 2135 veluti,
741 2087 772 2125 si
790 2086 919 2125 minus
938 2087 1024 2138 quis
1043 2086 1214 2137 cepisset,

95 2149 146 2176 ne
162 2139 276 2178 sacris
295 2140 539 2192 alligaretur3
569 2154 612 2180 38
636 2149 723 2193 post
740 2141 788 2180 de
806 2143 888 2191 ejus
912 2140 1127 2179 haeredibus
1145 2140 1217 2178 ali-

95 2188 183 2244 quis
206 2194 392 2246 exegisset
415 2208 486 2248 pro
510 2209 581 2236 sua
604 2203 712 2250 parte
736 2195 791 2247 id,
816 2195 922 2288 qugd
947 2197 995 2237 ab
1021 2208 1080 2245 eo,
1105 2195 1216 2244 cujus

806 2261 838 2291 Q
