1470 2402
174 103 230 143 82
284 102 363 145 DE
383 102 801 158 DIVINATIONE,
821 105 922 147 12113.
936 104 996 145 11.
1017 103 1122 146 Gn.
1135 104 1202 144 38.

175 211 286 251 banis
304 220 451 252 retenta
467 213 631 264 videtur,
651 228 675 254 a
691 214 836 254 bellicis
854 227 932 253 esse
946 213 1106 253 sublata.
1135 211 1190 250 Et
1202 210 1289 264 qui-

176 265 266 303 dem
293 266 359 305 ille
385 268 547 316 dicebat,
588 269 619 307 si
646 269 800 320 quando
826 281 907 307 rem
934 280 1044 319 agere
1083 266 1210 314 vellet,
1238 278 1288 303 ne

175 318 425 370 impediretur
456 322 645 373 auspiciis,
675 322 807 361 lectica
836 322 967 374 operta
996 321 1118 360 facere
1148 320 1220 358 iter
1249 331 1290 357 se

175 373 305 412 solere.
349 375 456 414 Huic
484 376 607 414 simile
636 384 704 423 est,
735 376 839 428 quod
867 389 936 414 nos
967 387 1130 426 augures
1156 373 1289 424 praeci-

174 426 317 477 pimus,
338 440 386 466 ne
407 430 500 481 juge
522 430 735 481 auspicium
753 430 942 476 obveniat,
961 436 1006 466 ut
1026 430 1204 478 jumenta
1223 427 1289 476 ju-

175 481 290 519 beant
304 482 530 534 disjungere.
555 483 663 531 Quid
675 491 730 521 est
743 483 848 522 aliud
862 484 963 521 nolle
975 481 1123 520 moneri
1135 494 1159 519 a
1171 481 1285 528 Jove,

173 533 248 572 nisi
267 535 423 584 efficere,
444 544 489 575 ut
506 544 573 575 aut
590 550 639 576 ne
662 537 744 576 fieri
767 537 885 589 possit
908 536 1134 587 auspicium,
1155 541 1236 584 aut,
1256 533 1288 572 si

173 586 255 635 fiat,
277 589 395 627 videri
409 593 426 628 Ρ

227 642 454 682 XXXVII.
479 643 585 682 Nam
604 644 701 683 iuud
719 644 928 683 admodum
942 643 1162 691 ridiculum,
1183 641 1287 693 quod

173 706 290 746 negas
315 696 558 746 Deiotarum,
586 699 855 750 auspiciorum,
882 711 969 749 quae
994 697 1066 735 sibi
1093 696 1142 734 ad
1169 696 1289 733 Pom-

174 749 304 800 peium
320 750 568 801 proficiscenti
586 753 686 791 facta
704 760 805 798 sunt,
825 751 1018 803 poenitere,
1038 749 1155 801 quod,
1171 749 1288 787 fidem

174 810 324 841 secutus
343 805 625 856 amicitiamque
643 806 777 858 populi
796 805 977 851 Romani,
997 804 1151 842 functus
1165 803 1213 841 sit
1229 802 1290 841 of-

175 856 284 895 ficio:
320 858 572 909 antiquiorem
599 861 702 898 enim
729 859 801 898 sibi
827 859 943 897 fuisse
966 857 1122 896 laudem
1144 865 1182 895 et
1205 857 1289 908 glo·

173 910 286 958 riam,
307 924 426 962 quam
445 926 606 963 regnum
634 922 671 952 et
684 913 942 965 ,possessiones
968 925 1065 951 suas.
1106 910 1229 950 Credo
1246 910 1288 948 id

175 964 357 1015 quidem:
393 966 458 1004 sed
484 967 556 1005 hoc
583 967 680 1005 nihil
707 967 756 1006 ad
783 966 961 1018 auspicia.
1008 965 1093 1004 Nec
1123 965 1226 1003 enim
1251 964 1288 1002 ei

173 1018 306 1056 cornix
324 1031 456 1058 canere
473 1020 611 1071 potuit,
632 1028 731 1059 recte
757 1034 845 1059 eum
868 1021 1004 1067 facere,
1026 1018 1129 1071 quod
1153 1017 1288 1070 populi

173 1071 344 1110 Romani
361 1073 573 1112 libertatem
592 1074 792 1113 defendere
810 1082 971 1126 pararet.
1005 1073 1094 1124 Ipse
1111 1073 1184 1111 hoc
1202 1085 1288 1110 sen-

173 1125 305 1173 tiebat,
327 1126 436 1165 sicuti
455 1128 580 1166 sensit.
609 1129 715 1168 Aves
734 1136 889 1167 eventus
908 1127 1122 1179 significant
1139 1134 1206 1164 aut
1219 1125 1288 1164 ad-

174 1191 312 1227 versos,
347 1188 414 1219 aut
448 1182 656 1220 secundos:
697 1182 845 1220 virtutis
872 1181 1047 1233 auspiciis
1074 1180 1182 1218 video
1209 1192 1289 1218 esse

172 1246 288 1271 usum
304 1233 552 1281 Deiotarum3
575 1249 661 1287 quae
674 1243 776 1274 vetat
789 1243 954 1287 spectare
968 1236 1175 1281 fortunam,
1191 1233 1288 1272 dum

172 1294 372 1337 praestetur
396 1288 501 1327 fides.
539 1290 645 1328 Aves
664 1303 765 1338 vero,
787 1290 818 1328 si
837 1302 1033 1341 prosperos
1053 1295 1209 1326 eventus
1227 1300 1288 1326 os-

172 1340 389 1389 tenderunt,
423 1351 522 1381 certe
556 1343 783 1382 fefellerunt.
831 1344 951 1395 Fugit
982 1356 1003 1381 e
1033 1341 1164 1394 proelio
1196 1353 1288 1379 cum

174 1394 385 1445 Pompeio:
415 1409 529 1446 grave
547 1405 709 1448 tempus.
750 1397 932 1436 Discessit
949 1398 997 1435 ab
1017 1409 1084 1434 eo:
1113 1395 1288 1433 luctuosa

171 1461 241 1486 res.
257 1448 445 1487 Caesarem
458 1451 589 1488 eodem
599 1459 766 1503 tempore
773 1450 920 1489 hostem
930 1458 966 1489 et
973 1449 1160 1501 hospitem
1169 1449 1264 1486 vidit
1274 1463 1287 1486 z

171 1501 267 1553 quid
280 1502 352 1541 hoc
366 1503 535 1542 tristius?
566 1505 606 1543 Is
619 1518 708 1543 cum
723 1505 758 1543 ei
771 1505 1030 1556 Troginorum
1044 1502 1287 1542 tetrarchiam

173 1555 384 1606 eripuisset,
418 1565 456 1595 et
483 1559 632 1597 asseclae
664 1572 732 1597 suo
765 1559 1018 1609 Pergameno,
1051 1557 1176 1595 nescio
1207 1556 1284 1603 cui,

170 1608 348 1659 dedisset,
375 1610 576 1663 eidemque
602 1612 824 1651 detraxisset
848 1611 1077 1650 Armeniam
1103 1623 1126 1648 a
1153 1617 1286 1648 senatu

169 1662 329 1709 datam3
372 1677 537 1717 cumque
569 1668 616 1704 ab
646 1679 689 1704 eo
715 1665 1090 1717 magnificentissimo
1121 1663 1285 1715 hospitio

171 1725 349 1769 acceptus
368 1727 487 1764 esset;
518 1720 723 1771 spoliatum
740 1720 894 1771 reliquit
913 1727 949 1757 et
965 1718 1155 1769 hospitem
1174 1725 1211 1755 et
1229 1729 1289 1755 re-

171 1783 274 1821 gem.
314 1771 390 1810 Sed
418 1773 526 1812 labor
554 1774 730 1825 longius:
764 1773 814 1811 ad
843 1772 1080 1824 propositum
1107 1777 1285 1809 revertar.

171 1824 216 1863 Si
234 1833 368 1863 eventa
386 1827 607 1877 quaerimus,
627 1841 714 1878 quae
739 1827 993 1878 exquiruntur
1010 1826 1158 1872 avibus,
1178 1824 1289 1862 nullo

172 1878 288 1916 modo
307 1892 485 1930 prospera
502 1881 703 1919 Deiotaro:
727 1880 785 1918 sin
799 1880 934 1930 officia,
954 1893 978 1918 a
995 1879 1134 1919 virtute
1151 1877 1285 1929 ipsius,

173 1943 251 1970 non
271 1934 319 1970 ab
339 1933 528 1984 auspiciis,
549 1935 667 1985 petita
685 1943 786 1972 sunt.

225 1985 477 2025 XXXVIII.
506 1988 655 2026 Omitte
677 1988 794 2039 igitur
811 1988 952 2026 lituum
972 1985 1146 2032 Romuli,
1167 1997 1285 2037 quem

170 2038 212 2076 in
236 2039 409 2078 maximo
435 2041 610 2080 incendio
634 2055 750 2092 negas
774 2042 940 2093 potuisse
965 2039 1160 2079 comburi:
1196 2051 1287 2077 con-

170 2100 298 2130 temne
317 2101 439 2132 cotem
455 2095 559 2133 Attii
577 2095 619 2133 N
621 2095 708 2133 avii.
743 2095 857 2133 Nihil
875 2095 987 2134 debet
1005 2107 1084 2132 esse
1101 2093 1142 2131 in
1160 2092 1287 2143 philo-

170 2145 306 2196 sophia
330 2148 602 2187 commenticiis
627 2149 776 2187 fabellis
801 2148 886 2187 loci.
927 2147 1034 2185 Illud
1059 2154 1138 2185 erat
1161 2146 1287 2197 philo-

169 2199 296 2251 sophi,
315 2200 432 2242 totius
449 2202 601 2255 augurii
618 2202 790 2255 primum
808 2209 986 2242 naturam
1004 2201 1128 2254 ipsam
1146 2199 1287 2249 videre,
