1470 2402
158 146 240 185 253
328 149 408 190 DE
437 150 1115 201 OFFICIIS,1,11³.11.-cff.2.

170 258 355 308 quaeritur
373 259 507 310 animi,
503 261 763 354 requiesque
787 273 992 300 curarum·
979 290 993 309 ‚
1022 274 1111 314 quae
1134 261 1298 302 conferri

176 322 268 350 cum
287 326 420 353 eorum
439 314 574 354 studiis
591 322 729 367 potest,
750 315 817 367 qui
835 328 984 368 semper
1001 315 1149 368 aliquid
1165 315 1305 378 anqui-

177 374 285 416 runt,
314 368 419 419 quod
438 376 580 421 spectet
599 377 636 408 et
653 370 778 408 valeat
791 369 841 408 ad
857 371 955 408 bene
968 372 1155 423 beateque
1171 370 1304 409 viven-

176 418 297 461 dum.
287 424 305 450 ‘³
321 423 410 461 Sive
420 423 517 461 ratio
531 424 751 462 constantiae
761 423 989 476 virtutisque
1003 423 1198 474 [ducitur3
1203 425 1221 476 ]
1235 430 1304 462 aut

179 474 263 513 haec
288 490 348 515 ars
371 484 441 523 est,
469 485 535 515 aut
559 478 669 516 nulla
693 478 864 525 omnino,
894 492 963 530 per
981 492 1101 530 quam
1126 491 1188 517 eas
1206 491 1306 516 asse-

181 543 359 581 quamur.
401 531 566 569 Nullam
596 532 719 570 dicere
742 532 1004 570 maximarum
1027 546 1157 571 rerum
1182 540 1305 570 artem

181 597 273 632 esse,
304 598 393 623 cum
419 585 669 623 minimarum
696 586 776 624 sine
795 593 874 623 arte
892 587 1001 624 nulla
1020 587 1082 635 sit,
1101 586 1307 625 hominum

181 646 236 677 est
250 652 389 690 parum
409 639 640 678 considerate
657 640 912 691 loquentium,
933 649 1049 692 atque
1067 641 1107 678 in
1126 639 1308 678 maximis

179 695 294 731 rebus
321 693 542 731 errantium.
573 694 615 732 Si
639 702 771 732 autem
791 702 846 732 est
864 694 995 746 aliqua
1011 694 1214 746 disciplina
1232 693 1309 732 vir-

180 748 289 795 tutis,
319 747 387 785 ubi
413 760 457 785 ea
482 756 688 799 quaeretur,
718 760 807 786 cum
827 749 875 785 ab
894 747 967 786 hoc
985 748 1154 786 discendi
1173 760 1311 798 genere

181 801 392 840 discesseris
407 803 424 839 ἓ
455 801 531 839 Sed
549 802 643 849 haec,
666 814 756 840 cum
776 802 825 839 ad
838 801 1122 854 philosophiam
1137 802 1310 840 cohorta-

181 868 286 902 mur,
317 856 528 894 accuratius
542 855 729 907 disputari
748 856 893 894 solent:
925 856 1029 908 quod
1047 857 1122 894 alio
1141 855 1311 908 quodam

182 910 281 949 libro
295 909 467 948 fecimus.
510 910 598 948 Hoc
617 918 746 948 autem
766 918 936 961 tempore
950 918 1103 949 tantum
1118 910 1228 948 nobis
1246 910 1313 948 de-

184 964 408 1003 clarandum
438 963 527 1011 fuit,
559 977 640 1012 cur,
672 964 795 1002 orbati
827 964 1047 1015 reipublicae
1070 964 1311 1013 muneribus,

185 1019 235 1057 ad
253 1019 325 1057 hoc
344 1031 413 1056 nos
432 1018 604 1056 studium
623 1018 867 1069 potissimum
885 1019 1189 1058 contulissemus.
1206 1019 1210 1022 ⁴

242 1072 470 1111 Occurritur
503 1080 632 1110 autem
665 1073 789 1119 nobis,
820 1080 857 1110 et
886 1073 1044 1124 quidem
1072 1086 1096 1110 a
1124 1072 1244 1111 doctis
1273 1078 1312 1110 et

186 1126 359 1174 eruditis,
375 1126 647 1177 quaerentibus,
664 1126 802 1164 satisne
816 1135 1030 1164 constanter
1044 1127 1166 1165 facere
1184 1126 1314 1165 videa-

183 1194 288 1228 mur,
310 1180 391 1232 qui,
408 1192 497 1217 cum
516 1180 659 1231 percipi
678 1180 775 1217 nihil
793 1193 901 1232 posse
921 1180 1107 1228 (11(33ι11115,
1128 1188 1258 1219 tamen
1278 1187 1316 1219 et

186 1236 271 1275 aliis
286 1235 332 1273 de
347 1235 458 1272 rebus
473 1233 651 1272 disserere
671 1234 873 1281 soleamus,
895 1242 932 1272 et
949 1234 1050 1273 hoc
1040 1248 1123 1286 ipso
1142 1242 1314 1286 tempore

184 1296 375 1342 praecepta
400 1287 513 1326 officii
539 1301 825 1339 persequamur.
873 1287 1028 1335 Quibus
1054 1289 1192 1327 vellem
1223 1289 1314 1327 satis

186 1343 339 1395 cognita
363 1348 458 1380 esset
483 1350 611 1379 nostra
637 1342 846 1380 sententia·
876 1354 954 1379 non
981 1342 1084 1380 enim
1109 1355 1243 1380 sumus
1269 1342 1312 1391 ii,

184 1410 352 1450 quorum
371 1403 529 1446 vagetur
548 1395 701 1433 animus
719 1408 857 1456 errore,
876 1408 946 1434 nec
964 1395 1103 1435 habeat
1120 1409 1311 1448 unquam,

185 1451 292 1503 quod
317 1458 509 1511 sequatur.
553 1449 656 1496 Quae
675 1449 777 1487 enim
797 1458 892 1488 esset
910 1450 983 1488 ista
1001 1463 1124 1498 mens,
1144 1452 1205 1488 vel
1224 1464 1313 1502 quae

183 1506 263 1544 vita
277 1505 420 1557 potius,
441 1516 518 1541 non
537 1503 652 1542 modo
667 1503 902 1555 disputandi,
928 1504 994 1542 sed
1009 1504 1125 1542 etiam
1144 1504 1312 1553 vivendi,

184 1560 332 1599 ratione
362 1557 541 1596 sublata?
571 1557 656 1596 Nos
685 1566 830 1606 autem,
861 1567 906 1596 ut
931 1558 1069 1607 caeteri,
1096 1558 1172 1596 alia
1196 1567 1312 1608 certa,

185 1614 262 1653 alia
275 1614 419 1651 incerta
437 1624 515 1650 esse
533 1611 693 1657 dicunt3
724 1612 789 1660 sic,
810 1614 859 1651 ab
873 1613 934 1650 his
946 1612 1224 1660 dissentientes,
1237 1613 1314 1651 alia

186 1667 414 1727 probabilia,
442 1674 586 1714 contra,
603 1666 678 1703 3113
691 1678 767 1704 11011
789 1666 1015 1717 probabilia,
1036 1680 1115 1705 esse
1136 1666 1312 1706 dicimus.

189 1721 300 1770 Quid
322 1729 378 1759 est
402 1720 533 1771 igitur,
565 1720 670 1771 quod
698 1733 763 1758 me
791 1720 989 1773 impediat,
1017 1734 1074 1767 aa,
1102 1733 1189 1772 quae
1213 1720 1314 1760 mihi

185 1775 399 1828 probabilia
418 1774 631 1821 videantur,
648 1774 781 1825 sequi3
803 1788 891 1826 quae
909 1782 1052 1823 contra,
1067 1775 1310 1827 improbare·
1297 1804 1311 1822 ,

185 1838 315 1881 atque,
343 1828 560 1866 affirmandi
589 1829 846 1880 arrogantiam
872 1829 1072 1877 vitantem,
1099 1829 1232 1880 fugere
1257 1836 1314 1868 te-

185 1884 418 1930 meritatem,
459 1895 546 1934 quae
583 1896 607 1920 a
643 1882 829 1934 sapientia
865 1882 1020 1921 dissidet
1059 1883 1311 1934 plurimum?

186 1938 332 1977 Contra
350 1944 479 1974 autem
499 1936 629 1974 omnia
647 1936 865 1988 disputatur
883 1950 907 1975 a
925 1937 1086 1982 nostris3
1117 1937 1222 1988 quod
1240 1937 1313 1976 hoc

183 1995 314 2044 ipsum
339 1990 536 2041 probabile
562 1991 708 2028 elucere
725 2003 803 2029 non
822 1991 964 2052 possit,
975 1991 1062 2038 nisi,
1083 2004 1131 2029 ex
1150 1992 1315 2044 utraque

183 2054 270 2100 part
257 2059 305 2092 e,
336 2057 537 2083 causarum
563 2052 658 2082 esset
682 2044 783 2082 facta
801 2045 1002 2083 contentio.
1045 2045 1120 2084 Sed
1139 2043 1220 2083 haec
1246 2059 1314 2084 ex-

185 2102 343 2153 planata
361 2106 451 2136 sunt
468 2097 509 2135 in
529 2100 557 2120 ‘⁶
578 2098 850 2137 Academicis'’
870 2099 1006 2137 nostris
1025 2098 1129 2144 satis,
1150 2106 1195 2136 ut
1211 2099 1314 2138 arbi-

184 2164 277 2202 tror,
307 2152 520 2218 diligenter.
562 2151 656 2190 Tibi
675 2159 819 2199 autem,
836 2153 892 2190 mi
907 2152 1055 2201 Cicero,
1071 2165 1313 2205 quamquam

182 2209 224 2248 in
242 2205 510 2258 antiquissima
527 2206 842 2259 nobilissimaque
854 2206 1112 2259 philosophia,
1129 2205 1315 2259 Cratippo
