1470 2402
210 75 289 115 DE
308 75 728 126 DIVINATIONE,
749 75 1109 116 111n.1.cA1›.45.
1165 77 1218 117 39

157 183 315 223 XLIV.
351 183 407 234 [⁸
423 186 441 238 ]
473 184 650 234 Caeciliae,
681 184 861 235 Q.fi1iae,
894 185 1055 234 somnio,
1089 184 1218 233 modo,

102 236 273 277 Marsico
290 239 406 288 bello,
428 240 618 291 templum
638 248 693 279 est
706 254 730 278 a
744 248 876 278 senatu
892 240 921 278 J
924 251 1043 277 unom
1061 239 1222 291 Sospitae

102 292 335 331 restitutum.
383 293 502 341 Quod
529 294 686 345 quidem
717 294 911 332 somnium
942 294 1102 332 Sisenna
1130 306 1222 331 cum

102 345 369 397 disputavisset
386 347 545 386 mirifice
564 348 614 386 ad
632 350 793 386 verbum
814 360 904 386 cum
929 361 969 386 re
988 347 1219 396 convenisse,

104 406 190 437 tum
207 400 411 440 insolenter
436 401 578 449 (credo,
599 404 648 440 ab
668 402 859 454 Epicureo
878 402 1006 453 aliquo
1025 401 1220 449 inductus)

103 445 286 505 disputat,
314 455 470 494 somniis
495 456 596 494 credi
619 469 696 494 non
722 464 903 517 oportere.
954 455 1065 493 Idem
1090 463 1222 494 contra

102 516 250 546 ostenta
268 509 365 547 nihil
384 510 577 562 disputat;
608 511 853 571 exponitque,
873 509 981 548 initio
1000 509 1092 547 belli
1109 509 1222 547 Mar-

102 562 182 608 sici,
207 570 245 600 et
270 562 444 601 Deorum
471 564 672 603 simulacra
698 565 903 611 sudavisse,
932 572 969 602 et
993 564 1220 615 sanguinem

102 615 271 663 fluxisse,
293 626 330 655 et
348 618 555 657 discessisse
575 620 738 665 coelum3
769 626 806 657 et
829 632 876 656 ex
902 618 1048 656 occulto
1073 617 1222 656 auditas

102 683 180 708 esse
199 683 320 718 voces,
338 685 425 723 quae
438 673 606 724 pericula
619 673 710 711 110111
729 673 971 719 nuntiarent,
997 680 1033 710 et
1053 671 1221 710 Lanuvii

102 723 268 775 clypeos,
290 726 394 776 quod
411 726 676 778 haruspicibus
695 727 954 765 tristissimum
972 726 1097 764 visum
1113 734 1221 774 esset,

102 790 126 815 a
149 779 323 818 muribus
347 793 425 819 esse
450 781 610 819 derosos.
652 781 782 828 Quid.
775 784 791 810 ²
826 780 930 832 quod
955 780 996 817 in
1020 780 1222 818 annalibus

102 831 304 881 habemus,
325 834 479 872 Veienti
500 835 616 883 bello,
644 848 733 873 cum
757 835 862 873 lacus
887 834 1067 872 Albanus
1086 841 1224 885 praeter

103 886 265 924 modum
287 888 474 936 crevisset,
495 889 698 927 Veientem
718 889 923 941 quemdam
944 888 993 926 ad
1012 901 1080 926 nos
1098 888 1224 925 homi-

102 951 193 978 nem
217 941 387 980 nobilem
413 943 636 994 perfugisse,
669 956 835 994 eumque
862 942 1014 989 dixisse,
1045 955 1092 980 ex
1119 941 1222 990 fatis,

103 1007 192 1045 quae
207 995 386 1034 Veientes
404 997 543 1048 scripta
561 998 757 1045 haberent,
774 997 891 1035 Veios
911 996 995 1048 capi
1009 1009 1085 1034 non
1100 1009 1223 1047 posse,

103 1048 200 1086 dum
218 1048 322 1087 lacus
340 1050 372 1088 is
391 1051 643 1090 redundaret:
671 1061 722 1098 et,
743 1051 775 1089 si
787 1052 906 1099 lacus,
923 1050 1096 1098 emissus,
1111 1051 1224 1102 lapsu

103 1109 143 1141 et
168 1115 280 1141 cursu
306 1117 374 1142 suo
398 1105 447 1142 ad
468 1117 574 1143 mare
598 1105 852 1156 profluxisset,
876 1105 1130 1156 perniciosum
1155 1117 1225 1156 PO«

103 1157 197 1208 pulo
226 1158 433 1204 Romano;
469 1158 527 1196 sin
555 1167 685 1197 autem
712 1159 766 1197 ita
793 1167 887 1197 esset
913 1158 1085 1205 eductus,
1109 1166 1154 1196 ut
1176 1157 1226 1196 ad

105 1223 212 1249 mare
229 1212 425 1262 pervenire
444 1224 520 1250 non
540 1220 679 1263 posset,
695 1220 780 1250 tum
796 1213 959 1250 salutare
973 1213 1109 1250 nostris
1122 1212 1222 1250 fore:

106 1278 155 1303 ex
183 1279 261 1317 quo
287 1265 354 1304 illa
379 1266 615 1304 admirabilis
641 1280 663 1305 3
687 1266 897 1316 majoribus
921 1266 1089 1304 Albanae
1115 1279 1227 1318 aquae

104 1319 205 1357 facta
222 1319 398 1359 deductio
417 1328 483 1359 est.
514 1320 617 1359 Cum
637 1329 768 1359 autem
787 1321 980 1367 Veientes,
1002 1320 1102 1359 bello
1122 1320 1224 1369 fessi,

105 1373 250 1424 legatos
280 1370 329 1412 ad
358 1382 533 1413 senatum
558 1375 761 1423 misissent,
791 1382 877 1413 tum
905 1388 953 1412 011
979 1374 1038 1412 1115
1067 1373 1227 1426 quidam

104 1427 247 1466 dixisse
265 1428 416 1477 dicitur,
437 1441 514 1467 non
534 1430 663 1467 omnia
684 1429 798 1467 illum
823 1428 1063 1479 transfugam
1089 1442 1228 1467 ausum

106 1494 186 1519 oese
213 1483 361 1520 senatui
388 1483 535 1529 dicere,
525 1497 535 1507 ·
570 1484 611 1521 in
639 1483 774 1522 iisdem
800 1483 903 1521 enim
927 1482 1015 1521 fatis
1044 1482 1228 1533 scriptum

106 1534 288 1575 Veientes
317 1536 471 1585 habere,
503 1539 531 1559 “
556 1538 668 1586 Fore,
698 1546 743 1576 ut
768 1537 875 1576 brevi
899 1550 922 1575 3
949 1537 1073 1575 Gallis
1098 1537 1228 1575 Roma

106 1591 339 1640 caperetur)
344 1591 482 1643 'quod
496 1592 654 1643 quidem
672 1592 852 1630 sexennio
870 1598 955 1644 post
969 1591 1009 1630 V
1011 1591 1086 1630 eios
1101 1598 1229 1643 captos

107 1643 254 1683 factum
274 1658 353 1683 esse
371 1645 557 1684 videmus.

162 1698 295 1736 XLV.
326 1700 436 1751 Saepe
455 1700 569 1738 etiam
589 1708 626 1739 et
643 1700 684 1738 10
702 1700 843 1752 proeliis
862 1699 989 1738 Fauni
1014 1698 1160 1746 3οᾶ111ς
1192 1705 1231 1737 et

107 1751 150 1790 in
179 1755 293 1791 rebus
325 1753 487 1793 turbidis
517 1754 690 1793 veridicae
716 1767 824 1793 voces
852 1767 900 1792 ex
927 1754 1075 1792 occulto
1103 1753 1230 1791 missae

107 1819 187 1844 0550
205 1806 407 1845 dicuntur:
438 1809 547 1857 cujus
565 1809 712 1860 generis
731 1809 808 1846 duo
827 1815 916 1846 sunt
935 1821 984 1846 ex
1005 1807 1140 1845 multis
1163 1820 1231 1845 ex-

109 1861 252 1912 empla,
273 1861 339 1899 sed
358 1862 540 1900 maxima.
581 1863 702 1913 Nam,
723 1875 801 1901 non
827 1862 951 1900 multo
975 1869 1063 1900 ante
1080 1861 1231 1899 Urbem

109 1923 276 1966 captam,
298 1916 478 1954 exaudita
497 1930 572 1955 vox
592 1924 647 1955 051
665 1930 688 1954 3
705 1918 794 1955 1000
806 1917 950 1964 Vestae,
967 1915 1034 1967 qui
1052 1928 1075 1953 a
1090 1915 1232 1953 Palatii

110 1969 236 2008 radice
262 1970 304 2007 in
332 1982 473 2008 novam
501 1971 604 2009 viam
631 1971 799 2010 devexus
829 1979 897 2017 est,
931 1972 959 1992 “
981 1970 1037 2008 Ut
1062 1969 1166 2007 muri
1194 1976 1232 2007 et

109 2031 230 2075 portae
248 2024 514 2070 reficerentur,
503 2039 513 2048 ·
543 2025 721 2063 futurum
739 2038 832 2072 esse,
857 2023 931 2062 nisi
953 2023 1151 2076 provisum
1174 2036 1231 2062 es-

111 2085 183 2126 set,
213 2085 258 2115 ut
286 2078 415 2117 Roma
442 2088 650 2131 caperetur.
654 2079 679 2097 ”
721 2078 853 2127 Quod,
883 2080 1114 2130 neglectum,
1141 2090 1231 2115 cum

113 2131 238 2170 caveri
264 2139 426 2184 poterat,
452 2142 539 2185 post
563 2141 756 2185 acceptam
780 2133 889 2171 illam
913 2132 1127 2170 maximam
1155 2132 1232 2171 cla-

116 2184 208 2225 dem
226 2186 459 2238 explicamm
478 2196 544 2228 est.
573 2191 659 2228 Ara
672 2188 776 2228 enim
793 2187 873 2226 Aio
887 2186 1096 2240 Loquenti,
1114 2197 1235 2239 quam
