1470 2402
217 58 299 105 372
505 58 585 100 DE
613 59 918 110 AMICITIA,
946 59 1056 102 CAP.
1075 61 1115 99 5.

212 168 468 229 quamobrem
491 169 648 222 utrique
673 171 848 210 nostrum
872 176 1029 222 gratum
1053 165 1266 208 admodum
1286 165 1344 206 fe-

215 234 322 261 cens.

269 275 321 315 V.
352 278 514 316 Loelz‘us.
544 277 632 330 Ego
655 292 743 318 vero
768 291 846 317 non
871 291 1063 331 gravarer,
1083 276 1116 316 si
1139 275 1238 315 mihi
1260 274 1343 327 ipse

211 331 467 370 confiderem.
499 346 590 371 nam
617 341 655 371 et
679 334 860 385 praeclara
882 346 941 372 res
959 340 1040 378 est3
1070 339 1108 370 et
1126 343 1261 370 sumus
1279 333 1342 373 (ut

211 384 311 425 dixit
330 386 519 434 Fannius)
539 387 659 426 otiosi.
702 387 779 427 Sed
804 388 891 440 quis
917 400 987 439 ego
1012 387 1131 425 sum?
1160 392 1230 424 aut
1253 397 1343 436 quae

209 438 251 477 in
271 453 334 479 me
357 449 413 480 est
438 441 632 480 facultas?
668 441 883 481 Doctorum
912 449 968 480 est
992 441 1066 480 ista
1091 437 1341 487 consuetudo,

211 506 333 546 mque
361 495 599 543 Graecorum,
625 504 670 534 ut
693 496 740 534 iis
763 505 943 549 ponatur,
970 495 1019 534 de
1041 508 1120 548 quo
1147 494 1344 554 disputent

211 550 390 610 quamvis
410 550 548 589 subito.
584 550 780 602 Magnum
800 564 897 603 opus
916 557 997 597 est,
1024 557 1186 602 egetque
1204 546 1347 587 exerci-

211 603 355 642 tatione
380 617 457 642 non
483 618 614 656 parva.
656 606 938 654 Quamobrem,
968 618 1056 657 quae
1083 601 1270 665 disputari
1296 600 1347 640 de

210 658 381 697 amicitia
399 667 574 710 possunt,
595 661 644 698 ab
664 659 731 707 eis,
752 672 899 707 censeo,
918 659 1070 711 petatis,
1086 658 1155 710 qui
1169 657 1242 696 ista
1254 668 1344 709 pro-

213 711 394 751 fitentur:
427 726 497 764 ego
517 727 583 752 vos
608 713 753 752 hortari
777 721 930 752 tantum
956 725 1128 775 possum,
1148 719 1194 750 ut
1210 710 1345 750 amici-

213 766 308 805 tiam
328 768 509 806 omnibus
529 770 642 807 rebus
666 768 848 807 humanis
873 767 1137 820 anteponatis.
1167 765 1267 804 nihil
1288 771 1347 804 est

214 821 319 860 enim
339 830 419 860 tam
439 830 586 862 naturae
605 831 756 875 aptum,
778 831 859 861 tam
884 822 1113 862 conveniens
1137 820 1188 860 ad
1205 834 1265 860 ree
1282 819 1345 858 vel

214 877 415 925 secundas,
436 877 496 916 vel
516 877 703 916 adversas.

269 931 345 970 Sed
363 931 436 970 hoc
460 932 633 984 primum
659 932 795 979 sentio,
816 932 890 971 nisi
915 932 956 971 in
981 931 1106 980 bonis,
1133 929 1344 970 amicitiam

213 997 294 1024 esse
319 998 397 1024 non
421 999 555 1038 posse.
587 999 712 1038 neque
737 987 777 1025 id
803 987 852 1025 ad
878 987 1011 1026 vivum
1037 999 1176 1035 roeeoe,
1200 992 1244 1024 ut
1270 983 1344 1031 ini,

214 1039 283 1091 qui
312 1040 395 1079 haec
427 1041 606 1079 subtilius
636 1041 840 1089 disserunt,
874 1041 1032 1080 fortasse
1063 1054 1165 1090 vere,
1196 1039 1263 1078 sed
1295 1037 1346 1078 ad

213 1106 461 1133 communem
481 1095 688 1134 utilitatem
708 1109 859 1148 pamm.
890 1097 1049 1158 Negant
1067 1095 1186 1143 enim,
1206 1107 1345 1147 quem-

214 1161 335 1199 quam
369 1149 497 1188 virum
530 1151 678 1189 bonurn
712 1164 805 1197 esse,
836 1150 911 1189 nisi
938 1151 1161 1202 sapientem.
1204 1149 1264 1188 Sit
1290 1148 1346 1186 ita

213 1215 328 1241 sane:
361 1203 426 1242 sed
446 1217 531 1242 eam
550 1205 777 1256 sapientiam
800 1205 1113 1256 interpretantur,
1134 1216 1254 1256 quam
1276 1201 1346 1241 ad-

212 1256 290 1296 huc
316 1258 489 1297 mortalis
519 1271 633 1297 nemo
663 1268 718 1297 est
748 1268 983 1298 consecutus·
1029 1259 1114 1297 Nos
1140 1265 1272 1296 autem
1300 1269 1346 1296 m

211 1324 301 1363 quae
321 1321 411 1351 sunt
429 1313 470 1351 in
489 1326 562 1352 usu
589 1313 745 1366 vitaque
770 1314 982 1360 communi,
1002 1325 1079 1351 non
1103 1326 1147 1351 ea
1166 1326 1254 1364 quae
1272 1311 1347 1350 fin-

211 1373 358 1417 guntur
384 1375 451 1405 aut
476 1375 672 1419 optantur,
695 1376 862 1420 spectare
887 1368 1084 1406 debemus.
1127 1368 1346 1418 Nunquam

214 1433 285 1471 ego
311 1420 452 1470 dicam,
481 1423 526 1460 (3.
549 1422 786 1469 Fabricium,
813 1422 876 1461 M’
897 1422 1077 1485 Curium,
1107 1422 1173 1460 '1i.
1194 1421 1347 1460 Corun-

211 1475 383 1523 canium,
399 1489 496 1528 quos
511 1477 700 1528 sapientes
718 1477 837 1515 nostri
855 1478 1020 1527 majores
1035 1477 1276 1526 judicabant,
1296 1475 1347 1514 ad

211 1528 373 1568 istorum
390 1543 567 1569 normam
582 1531 698 1570 fuisse
712 1531 913 1583 sapientes.
943 1531 1076 1579 Quare
1091 1531 1164 1570 sibi
1178 1530 1348 1569 habeant

214 1584 411 1635 sapientiae
430 1597 585 1631 nomen,
607 1594 644 1625 et
670 1586 904 1625 invidiosum
930 1594 968 1625 et
991 1587 1225 1625 obscurum·
1213 1613 1226 1630 ‚
1256 1596 1348 1624 oon-

214 1637 442 1692 cedantque,
463 1648 508 1679 ut
526 1640 567 1678 hi
586 1641 680 1679 boni
699 1641 771 1679 viri
785 1640 940 1679 fuerint.
973 1640 1038 1680 Ne
1052 1640 1093 1679 id
1111 1639 1270 1692 quido-
1288 1638 1347 1677 fa·-

215 1692 341 1732 cient:
376 1696 588 1746 negabunt,
608 1694 663 1743 id,
683 1695 758 1734 nisi
777 1695 954 1746 sapienti,
974 1708 1084 1747 posse
1101 1693 1269 1733 concedi.

268 1747 450 1799 Agamus
469 1749 588 1800 igitur
606 1749 744 1801 pingui
762 1749 960 1796 Minerva,
980 1757 1025 1788 ut
1043 1749 1164 1787 aiunt.
1194 1747 1278 1796 Qui
1291 1747 1348 1787 ita

215 1813 255 1839 se
273 1810 427 1853 gerunt,
448 1803 503 1842 ita
521 1804 671 1852 vivunt,
691 1811 735 1842 ut
755 1816 888 1842 eorum
914 1805 1097 1866 probetur
1119 1803 1228 1851 fides,
1247 1802 1347 1841 inte-

211 1855 346 1906 gritas,
367 1857 542 1909 aequitas,
562 1858 785 1906 liberalitas,
806 1870 876 1897 nec
895 1858 943 1897 sit
965 1858 1006 1896 in
1030 1857 1109 1896 illis
1131 1857 1215 1896 una
1237 1856 1352 1909 cupi-

213 1909 327 1957 ditas,
352 1911 413 1949 vel
441 1911 576 1960 libido,
604 1913 665 1951 vel
695 1911 868 1959 audacia,
901 1913 1054 1974 sintque
1083 1924 1229 1963 magna
1256 1923 1348 1950 oon-

213 1964 370 2012 stantia,
391 1974 435 2004 ut
453 1966 480 2004 ii
499 1966 670 2012 fuerunt,
690 1966 808 2005 modo
826 1979 923 2019 quos
946 1966 1170 2011 nominavi;
1201 1965 1272 2004 hos
1289 1964 1348 2003 vi-

212 2030 274 2056 ros
306 2019 442 2067 bonos,
476 2029 521 2058 ut
557 2020 681 2060 habiti
714 2029 818 2069 sunt,
858 2021 911 2060 sic
947 2021 1064 2060 etiam
1097 2019 1348 2072 appellandos

211 2080 421 2122 Ριιιειιιιιες
454 2074 547 2126 quia
578 2082 790 2128 sequantur
819 2078 1030 2127 (quantum
1057 2074 1234 2114 homines

212 2134 320 2187 sunt)
347 2136 543 2177 naturam,
571 2129 760 2181 optimam
785 2130 884 2168 bene
909 2128 1064 2168 vivendi
1092 2128 1244 2168 ducem.
1283 2127 1349 2167 Sic

211 2179 317 2219 enim
342 2181 442 2221 mihi
466 2183 681 2237 perspicere
703 2183 849 2234 videor,
873 2183 928 2224 ita
951 2190 1063 2226 natos
1087 2195 1170 2224 ωε
1192 2194 1279 2233 noe,
1304 2187 1353 2221 ut
