1470 2402
211 118 293 159 396
482 115 560 156 DE
589 113 887 165 AMICITIA,
912 114 1019 155 ΟΑΡ.
1038 115 1104 154 25.

210 236 384 278 numque
401 224 567 271 dantur3
588 237 684 277 quas
701 230 787 263 tum
805 223 959 273 evitare,
975 230 1062 262 tum
1073 223 1233 272 elevare,
1246 229 1335 261 tum

208 280 319 327 ferre,
340 279 519 331 sapientis
537 286 604 318 est.

263 335 355 373 Una
378 334 446 372 illa
471 332 706 372 sublevanda
730 331 888 371 offensio
914 339 983 380 est,
1002 338 1048 370 ut
1067 339 1105 370 et
1129 330 1274 370 utilitas
1290 331 1333 369 in

210 389 379 428 amicitia
405 396 442 426 et
468 387 560 426 fides
586 387 816 425 retineatur:
847 399 939 424 nam
958 394 995 424 et
1013 385 1196 424 monendi
1221 384 1336 423 amici

211 456 310 494 saepe
330 450 433 489 sunt,
461 450 497 480 et
516 441 770 492 objurgandi,
801 449 838 479 et
862 441 949 491 haeq
962 440 1179 491 accipienda
1197 439 1334 485 amice,

210 510 300 536 cum
330 496 511 535 benevole
537 495 646 533 fiunt.
695 495 785 542 Sed,
811 495 935 533 nescio
961 494 1168 546 quomodo,
1197 505 1331 532 verum

210 559 279 599 est,
300 551 402 603 quod
422 550 463 588 in
484 552 512 571 “
527 549 707 588 Andr-ii?
726 549 926 587 familiaris
943 561 1053 587 meus
1071 548 1188 586 dicit:

224 640 227 642 ’
266 629 295 650 “
311 625 554 678 Obsequium
573 625 730 673 amicos,
751 624 888 663 veritas
906 624 1053 671 odium,
1074 623 1218 675 parit.”

208 715 378 755 Molesta
407 714 557 761 veritas,
589 713 620 752 si
649 711 807 764 quidem
833 725 880 751 ex
913 712 959 750 ea
991 712 1158 750 nascitur
1195 710 1331 750 odium

207 770 330 822 (quod
345 777 400 808 est
414 781 605 807 venenum
624 766 818 813 amicitiae)
833 782 843 804 ε
874 766 939 804 sed
957 765 1184 817 obsequium
1203 766 1332 804 multo

205 824 417 870 molestius,
438 822 555 874 quod,
572 821 732 873 peccatis
747 821 965 872 indulgens,
985 819 1218 871 praecipitem
1233 819 1332 858 ami-

206 892 296 918 cum
321 878 410 916 ferri
429 877 529 915 sinit.
560 875 742 914 Maxima
767 883 898 913 autem
917 875 1032 925 culpa
1049 874 1090 912 in
1109 887 1153 912 eo
1172 881 1242 922 est,
1262 874 1333 926 qui

207 940 245 972 et
259 933 456 971 veritatem
475 931 739 981 adspernatur,
756 937 793 967 et
806 929 855 967 in.
867 928 1041 966 fraudem
1057 928 1239 980 obsequio
1256 928 1332 966 im-

203 987 371 1039 pellitur.
402 985 526 1024 Omni
550 984 668 1035 igitur
686 984 758 1022 hac
775 983 816 1020 in
842 996 881 1021 re
906 982 1083 1020 habenda
1101 982 1197 1021 ratio
1216 990 1253 1021 et
1271 982 1333 1020 di-

203 1041 363 1093 ligentia
388 1048 469 1085 est,
499 1039 685 1090 primum,
707 1046 749 1075 ut
768 1037 929 1075 monitio
948 1037 1164 1084 acerbitate,
1193 1036 1333 1075 deinde

204 1094 422 1146 objurgatio
452 1091 705 1139 contumelia,
735 1099 882 1130 careat:
919 1091 959 1128 in
988 1090 1172 1142 obsequio
1200 1098 1331 1129 autem

204 1149 406 1201 (quoniam
423 1146 656 1186 Terentiano
677 1147 791 1184 verbo
805 1146 980 1191 lubenter
994 1145 1158 1191 utimur)
1173 1145 1333 1183 comitas

203 1203 327 1242 adsit:
358 1200 573 1247 assentatio,
595 1199 774 1237 vitiorum
795 1199 978 1248 adjutrix,
1002 1199 1136 1250 procul
1154 1211 1332 1237 amovea-

203 1265 293 1302 tur;
323 1269 411 1308 quae
440 1267 517 1293 non
543 1253 658 1291 modo
684 1254 821 1301 amico,
849 1253 914 1291 sed
939 1265 987 1290 ne
1011 1253 1131 1291 libero
1156 1252 1330 1304 quidem,

203 1311 322 1363 digna
354 1318 421 1349 est.
468 1308 597 1347 Aliter
629 1307 732 1346 enim
765 1319 854 1346 cum
888 1315 1064 1359 tyranno,
1098 1306 1207 1345 aliter
1239 1319 1330 1346 cum

203 1365 340 1412 amico,
366 1364 518 1402 vivitur.

258 1419 382 1468 Cujus
414 1425 543 1456 autem
577 1429 686 1455 aures
716 1416 866 1455 veritati
897 1415 1036 1454 clausae
1067 1423 1172 1463 sunt,
1203 1423 1248 1454 ut
1279 1416 1330 1454 ab

200 1473 324 1512 amico
339 1485 472 1511 verum
492 1470 622 1508 audire
641 1479 819 1522 nequeat,
840 1470 958 1519 hujus
976 1470 1078 1508 salus
1096 1469 1333 1522 desperanda

200 1535 267 1566 est.
298 1527 446 1566 Scitum
466 1533 521 1564 est
540 1525 643 1563 enim
662 1525 761 1563 illud
781 1524 952 1571 Catonis,
973 1532 1019 1562 ut
1035 1524 1174 1571 multa,
1196 1526 1225 1546 “
1241 1523 1333 1563 Me-

200 1582 277 1621 lius
306 1581 354 1619 de
379 1579 611 1632 quibusdam
644 1581 796 1618 acerbos
825 1578 999 1616 inimicos
1028 1578 1179 1625 mereri,
1210 1591 1330 1630 quam

155 1684 164 1692 .
201 1649 264 1674 eos
290 1635 432 1674 amicos
458 1634 526 1685 qui
551 1634 682 1672 dulces
707 1633 931 1671 videantur:
962 1631 1048 1670 illos
1074 1645 1207 1670 verum
1230 1646 1330 1685 saepe

198 1690 336 1736 dicere,
357 1688 426 1727 hos
445 1688 689 1739 nunquam.''
736 1688 872 1738 Atque
897 1686 995 1724 illud
1020 1686 1230 1724 absurdum
1257 1694 1327 1736 est,

199 1744 304 1796 quod
322 1743 364 1792 ii,
385 1743 453 1794 qui
467 1751 686 1789 monentur,
703 1755 788 1780 eam
803 1740 1034 1788 molestiam,
1055 1753 1173 1804 quam
1188 1740 1330 1780 debent

199 1811 347 1849 capere,
378 1809 455 1834 non
478 1796 661 1848 capiunt3
692 1808 778 1834 eam
805 1794 976 1846 capiunt,
1003 1807 1081 1846 qua
1105 1794 1246 1833 debent
1263 1808 1330 1833 va-

197 1865 293 1891 care.
339 1851 519 1889 Peccasse
552 1850 655 1888 enim
689 1863 727 1888 se
760 1861 837 1887 non
875 1855 1098 1899 anguntur-3
1135 1848 1334 1900 objurgari

197 1906 356 1944 moleste
382 1904 535 1943 ferunt:
568 1904 673 1955 quod
703 1912 834 1942 contra
859 1903 1072 1954 oportebat,
1099 1901 1237 1941 delicto
1262 1901 1331 1941 do,

197 1960 289 2006 lere,
311 1958 540 1999 correctione
557 1957 736 2009 gaudere.

249 2013 387 2053 XXV.
420 2012 475 2050 Ut
508 2012 625 2062 igitur
651 2020 688 2050 et
716 2023 872 2050 monere
905 2017 942 2049 et
959 2011 1106 2048 moneri
1124 2011 1327 2062 proprium

195 2075 252 2106 oet
271 2080 369 2106 verae
387 2066 592 2111 amicitiae;
623 2074 660 2104 et
685 2066 851 2104 alterum
877 2064 995 2103 libere
1014 2063 1150 2112 facere,
1172 2077 1249 2103 non
1268 2078 1330 2104 as-

193 2133 309 2172 pere;
339 2120 502 2158 alterum
528 2120 716 2171 patienter
735 2118 917 2170 accipere,
944 2131 1022 2156 non
1041 2126 1327 2170 repugnanter;

193 2175 248 2220 sic
272 2173 496 2217 habendum
525 2182 596 2224 aet,
627 2174 779 2214 nullam
808 2173 850 2212 in
875 2171 1053 2213 amicitiis
1074 2179 1222 2225 pestem
1249 2185 1330 2213 esse
