<?xml version="1.0" encoding="UTF-8"?>
<!DOCTYPE html PUBLIC "-//W3C//DTD XHTML 1.0 Transitional//EN"
    "http://www.w3.org/TR/xhtml1/DTD/xhtml1-transitional.dtd">
<html xmlns="http://www.w3.org/1999/xhtml" xml:lang="en" lang="en">
 <head>
  <title>
</title>
<meta http-equiv="Content-Type" content="text/html;charset=utf-8" />
  <meta name='ocr-system' content='tesseract 3.04.00' />
  <meta name='ocr-capabilities' content='ocr_page ocr_carea ocr_par ocr_line ocrx_word'/>
</head>
<body>
  <div class='ocr_page' id='page_1' title='image "./operaern04ciceuoft_0287.png"; bbox 0 0 1470 2402; ppageno 0'>
   <div class='ocr_carea' id='block_1_1' title="bbox 295 121 1268 176">
    <p class='ocr_par' dir='ltr' id='par_1_1' title="bbox 295 121 1268 176">
     <span class='ocr_line' id='line_1_1' title="bbox 295 121 1268 176; baseline 0.001 -13"><span class='ocrx_word' id='word_1_1' title='bbox 295 121 375 163; x_wconf 69' lang='lat' dir='ltr'><strong>nr:</strong></span> <span class='ocrx_word' id='word_1_2' title='bbox 403 122 670 176; x_wconf 74' lang='lat' dir='ltr'><strong>orricns,</strong></span> <span class='ocrx_word' id='word_1_3' title='bbox 700 125 801 166; x_wconf 64' lang='grc' dir='ltr'><strong>ιω.</strong></span> <span class='ocrx_word' id='word_1_4' title='bbox 823 126 883 166; x_wconf 90' lang='lat'><strong>11.</strong></span> <span class='ocrx_word' id='word_1_5' title='bbox 914 126 1021 166; x_wconf 56' lang='grc' dir='ltr'><strong>οη.</strong></span> <span class='ocrx_word' id='word_1_6' title='bbox 1045 126 1112 165; x_wconf 82' lang='lat'><strong>14.</strong></span> <span class='ocrx_word' id='word_1_7' title='bbox 1187 126 1268 172; x_wconf 79' lang='lat'><strong>273</strong></span> 
     </span>
    </p>
   </div>
   <div class='ocr_carea' id='block_1_2' title="bbox 136 230 1296 2308">
    <p class='ocr_par' dir='ltr' id='par_1_2' title="bbox 139 230 1272 287">
     <span class='ocr_line' id='line_1_2' title="bbox 139 230 1272 287; baseline 0.003 -17"><span class='ocrx_word' id='word_1_8' title='bbox 139 230 372 282; x_wconf 78' lang='lat' dir='ltr'><strong>adolescens,</strong></span> <span class='ocrx_word' id='word_1_9' title='bbox 400 246 479 273; x_wconf 90' lang='lat' dir='ltr'><strong>non</strong></span> <span class='ocrx_word' id='word_1_10' title='bbox 504 234 660 275; x_wconf 86' lang='lat' dir='ltr'><strong>aliunde</strong></span> <span class='ocrx_word' id='word_1_11' title='bbox 683 243 886 276; x_wconf 86' lang='lat' dir='ltr'><strong>mutuatus</strong></span> <span class='ocrx_word' id='word_1_12' title='bbox 911 244 980 284; x_wconf 73' lang='lat' dir='ltr'><strong>est,</strong></span> <span class='ocrx_word' id='word_1_13' title='bbox 1006 236 1072 275; x_wconf 88' lang='lat' dir='ltr'><strong>sed</strong></span> <span class='ocrx_word' id='word_1_14' title='bbox 1094 234 1167 274; x_wconf 89' lang='lat' dir='ltr'><strong>sibi</strong></span> <span class='ocrx_word' id='word_1_15' title='bbox 1189 235 1272 287; x_wconf 91' lang='lat' dir='ltr'><strong>ipse</strong></span> 
     </span>
    </p>

    <p class='ocr_par' dir='ltr' id='par_1_3' title="bbox 138 288 1296 398">
     <span class='ocr_line' id='line_1_3' title="bbox 138 288 1296 338; baseline 0.003 -13"><span class='ocrx_word' id='word_1_16' title='bbox 138 288 289 338; x_wconf 88' lang='lat' dir='ltr'>peperit</span> <span class='ocrx_word' id='word_1_17' title='bbox 306 288 521 328; x_wconf 85' lang='lat' dir='ltr'>maximam</span> <span class='ocrx_word' id='word_1_18' title='bbox 545 290 702 329; x_wconf 87' lang='lat' dir='ltr'><strong>laudem</strong></span> <span class='ocrx_word' id='word_1_19' title='bbox 729 304 776 330; x_wconf 81' lang='lat' dir='ltr'><strong>ex</strong></span> <span class='ocrx_word' id='word_1_20' title='bbox 802 291 870 330; x_wconf 61' lang='lat' dir='ltr'><strong>illa</strong></span> <span class='ocrx_word' id='word_1_21' title='bbox 890 291 1128 330; x_wconf 83' lang='lat' dir='ltr'>accusatione</span> <span class='ocrx_word' id='word_1_22' title='bbox 1146 289 1270 328; x_wconf 85' lang='lat' dir='ltr'><strong>nobili</strong></span> <span class='ocrx_word' id='word_1_23' title='bbox 1292 304 1296 309; x_wconf 60' lang='lat'><strong>¹</strong></span> 
     </span>
     <span class='ocr_line' id='line_1_4' title="bbox 138 341 1273 398; baseline 0.004 -20"><span class='ocrx_word' id='word_1_24' title='bbox 138 350 176 378; x_wconf 89' lang='lat' dir='ltr'><strong>et</strong></span> <span class='ocrx_word' id='word_1_25' title='bbox 187 341 376 392; x_wconf 67' lang='lat' dir='ltr'><strong>gloriosa:</strong></span> <span class='ocrx_word' id='word_1_26' title='bbox 402 351 453 393; x_wconf 89' lang='lat' dir='ltr'><strong>et,</strong></span> <span class='ocrx_word' id='word_1_27' title='bbox 471 343 548 396; x_wconf 69' lang='lat' dir='ltr'><strong>qua</strong></span> <span class='ocrx_word' id='word_1_28' title='bbox 567 352 691 392; x_wconf 86' lang='lat' dir='ltr'><strong>aetate,</strong></span> <span class='ocrx_word' id='word_1_29' title='bbox 709 345 777 398; x_wconf 87' lang='lat' dir='ltr'><strong>qui</strong></span> <span class='ocrx_word' id='word_1_30' title='bbox 792 353 1028 394; x_wconf 72' lang='lat' dir='ltr'><strong>exercentur,</strong></span> <span class='ocrx_word' id='word_1_31' title='bbox 1044 345 1158 383; x_wconf 89' lang='lat' dir='ltr'><strong>laude</strong></span> <span class='ocrx_word' id='word_1_32' title='bbox 1173 343 1273 382; x_wconf 88' lang='lat' dir='ltr'><strong>affici</strong></span> 
     </span>
    </p>

    <p class='ocr_par' dir='ltr' id='par_1_4' title="bbox 138 394 1270 452">
     <span class='ocr_line' id='line_1_5' title="bbox 138 394 1270 452; baseline 0.003 -20"><span class='ocrx_word' id='word_1_33' title='bbox 138 394 276 445; x_wconf 85' lang='lat' dir='ltr'><strong>solent,</strong></span> <span class='ocrx_word' id='word_1_34' title='bbox 305 399 366 441; x_wconf 91' lang='lat' dir='ltr'><strong>(ut</strong></span> <span class='ocrx_word' id='word_1_35' title='bbox 391 399 438 437; x_wconf 91' lang='lat' dir='ltr'><strong>de</strong></span> <span class='ocrx_word' id='word_1_36' title='bbox 464 398 727 439; x_wconf 86' lang='lat' dir='ltr'><strong>Demosthene</strong></span> <span class='ocrx_word' id='word_1_37' title='bbox 753 401 985 452; x_wconf 81' lang='lat' dir='ltr'><strong>accepimus)</strong></span> <span class='ocrx_word' id='word_1_38' title='bbox 1013 400 1058 439; x_wconf 68' lang='lat' dir='ltr'><strong>ea</strong></span> <span class='ocrx_word' id='word_1_39' title='bbox 1084 407 1194 438; x_wconf 84' lang='lat' dir='ltr'><strong>aetate</strong></span> <span class='ocrx_word' id='word_1_40' title='bbox 1220 398 1270 436; x_wconf 85' lang='lat' dir='ltr'><strong>L.</strong></span> 
     </span>
    </p>

    <p class='ocr_par' dir='ltr' id='par_1_5' title="bbox 139 448 1271 508">
     <span class='ocr_line' id='line_1_6' title="bbox 139 448 1271 508; baseline 0.002 -19"><span class='ocrx_word' id='word_1_41' title='bbox 139 448 300 490; x_wconf 88' lang='lat' dir='ltr'>Crassus</span> <span class='ocrx_word' id='word_1_42' title='bbox 329 452 507 501; x_wconf 83' lang='lat' dir='ltr'><strong>ostendit,</strong></span> <span class='ocrx_word' id='word_1_43' title='bbox 539 454 580 491; x_wconf 93' lang='lat' dir='ltr'><strong>id</strong></span> <span class='ocrx_word' id='word_1_44' title='bbox 609 468 647 493; x_wconf 91' lang='lat' dir='ltr'><strong>se</strong></span> <span class='ocrx_word' id='word_1_45' title='bbox 675 455 715 493; x_wconf 92' lang='lat' dir='ltr'><strong>in</strong></span> <span class='ocrx_word' id='word_1_46' title='bbox 744 454 826 493; x_wconf 82' lang='lat' dir='ltr'><strong>foro</strong></span> <span class='ocrx_word' id='word_1_47' title='bbox 853 455 998 508; x_wconf 84' lang='lat' dir='ltr'><strong>optime</strong></span> <span class='ocrx_word' id='word_1_48' title='bbox 1022 456 1103 505; x_wconf 91' lang='lat' dir='ltr'><strong>jam</strong></span> <span class='ocrx_word' id='word_1_49' title='bbox 1133 454 1271 502; x_wconf 87' lang='lat' dir='ltr'><strong>facere,</strong></span> 
     </span>
    </p>

    <p class='ocr_par' dir='ltr' id='par_1_6' title="bbox 137 505 1224 560">
     <span class='ocr_line' id='line_1_7' title="bbox 137 505 1224 560; baseline 0.003 -18"><span class='ocrx_word' id='word_1_50' title='bbox 137 505 244 556; x_wconf 92' lang='lat' dir='ltr'><strong>quod</strong></span> <span class='ocrx_word' id='word_1_51' title='bbox 263 506 379 545; x_wconf 86' lang='lat' dir='ltr'><strong>etiam</strong></span> <span class='ocrx_word' id='word_1_52' title='bbox 397 515 482 545; x_wconf 84' lang='lat' dir='ltr'><strong>tum</strong></span> <span class='ocrx_word' id='word_1_53' title='bbox 502 517 650 560; x_wconf 86' lang='lat' dir='ltr'><strong>poterat</strong></span> <span class='ocrx_word' id='word_1_54' title='bbox 669 509 774 548; x_wconf 89' lang='lat' dir='ltr'><strong>domi</strong></span> <span class='ocrx_word' id='word_1_55' title='bbox 793 522 882 548; x_wconf 90' lang='lat' dir='ltr'><strong>cum</strong></span> <span class='ocrx_word' id='word_1_56' title='bbox 900 509 1015 548; x_wconf 87' lang='lat' dir='ltr'><strong>laude</strong></span> <span class='ocrx_word' id='word_1_57' title='bbox 1033 507 1224 547; x_wconf 86' lang='lat' dir='ltr'><strong>meditari.</strong></span> 
     </span>
    </p>

    <p class='ocr_par' dir='ltr' id='par_1_7' title="bbox 136 559 1278 1593">
     <span class='ocr_line' id='line_1_8' title="bbox 191 559 1269 616; baseline 0.002 -18"><span class='ocrx_word' id='word_1_58' title='bbox 191 559 312 598; x_wconf 92' lang='lat' dir='ltr'>XIV.</span> <span class='ocrx_word' id='word_1_59' title='bbox 338 561 428 610; x_wconf 88' lang='lat' dir='ltr'><strong>Sed,</strong></span> <span class='ocrx_word' id='word_1_60' title='bbox 450 575 540 601; x_wconf 90' lang='lat' dir='ltr'><strong>cum</strong></span> <span class='ocrx_word' id='word_1_61' title='bbox 555 563 701 615; x_wconf 84' lang='lat' dir='ltr'><strong>duplex</strong></span> <span class='ocrx_word' id='word_1_62' title='bbox 716 564 812 602; x_wconf 89' lang='lat' dir='ltr'><strong>ratio</strong></span> <span class='ocrx_word' id='word_1_63' title='bbox 827 565 875 604; x_wconf 89' lang='lat' dir='ltr'><strong>sit</strong></span> <span class='ocrx_word' id='word_1_64' title='bbox 889 564 1084 611; x_wconf 89' lang='lat' dir='ltr'><strong>orationis,</strong></span> <span class='ocrx_word' id='word_1_65' title='bbox 1102 574 1269 616; x_wconf 90' lang='lat' dir='ltr'><strong>quarum</strong></span> 
     </span>
     <span class='ocr_line' id='line_1_9' title="bbox 139 612 1273 667; baseline 0.003 -16"><span class='ocrx_word' id='word_1_66' title='bbox 139 612 181 651; x_wconf 91' lang='lat' dir='ltr'><strong>in</strong></span> <span class='ocrx_word' id='word_1_67' title='bbox 207 614 328 654; x_wconf 66' lang='lat' dir='ltr'><strong>altera</strong></span> <span class='ocrx_word' id='word_1_68' title='bbox 352 629 477 655; x_wconf 89' lang='lat' dir='ltr'><strong>sermo</strong></span> <span class='ocrx_word' id='word_1_69' title='bbox 502 618 564 667; x_wconf 83' lang='lat' dir='ltr'><strong>sit,</strong></span> <span class='ocrx_word' id='word_1_70' title='bbox 593 618 634 656; x_wconf 90' lang='lat' dir='ltr'><strong>in</strong></span> <span class='ocrx_word' id='word_1_71' title='bbox 659 619 779 657; x_wconf 65' lang='lat' dir='ltr'><strong>altera</strong></span> <span class='ocrx_word' id='word_1_72' title='bbox 805 619 1021 665; x_wconf 74' lang='lat' dir='ltr'><strong>contenti03</strong></span> <span class='ocrx_word' id='word_1_73' title='bbox 1053 630 1130 656; x_wconf 90' lang='lat' dir='ltr'><strong>non</strong></span> <span class='ocrx_word' id='word_1_74' title='bbox 1157 624 1213 656; x_wconf 62' lang='lat' dir='ltr'><strong>est</strong></span> <span class='ocrx_word' id='word_1_75' title='bbox 1231 616 1273 654; x_wconf 92' lang='lat' dir='ltr'><strong>id</strong></span> 
     </span>
     <span class='ocr_line' id='line_1_10' title="bbox 138 668 1272 724; baseline 0.003 -17"><span class='ocrx_word' id='word_1_76' title='bbox 138 668 299 720; x_wconf 88' lang='lat' dir='ltr'><strong>quidem</strong></span> <span class='ocrx_word' id='word_1_77' title='bbox 329 669 509 721; x_wconf 86' lang='lat' dir='ltr'><strong>dubium,</strong></span> <span class='ocrx_word' id='word_1_78' title='bbox 537 673 632 724; x_wconf 83' lang='lat' dir='ltr'><strong>quin</strong></span> <span class='ocrx_word' id='word_1_79' title='bbox 658 673 850 712; x_wconf 88' lang='lat' dir='ltr'><strong>contentio</strong></span> <span class='ocrx_word' id='word_1_80' title='bbox 878 673 1057 712; x_wconf 87' lang='lat' dir='ltr'><strong>orationis</strong></span> <span class='ocrx_word' id='word_1_81' title='bbox 1084 673 1272 722; x_wconf 89' lang='lat' dir='ltr'><strong>majorem</strong></span> 
     </span>
     <span class='ocr_line' id='line_1_11' title="bbox 138 723 1272 779; baseline 0.003 -18"><span class='ocrx_word' id='word_1_82' title='bbox 138 723 220 762; x_wconf 82' lang='lat' dir='ltr'><strong>vim</strong></span> <span class='ocrx_word' id='word_1_83' title='bbox 247 723 387 764; x_wconf 87' lang='lat' dir='ltr'><strong>habeat</strong></span> <span class='ocrx_word' id='word_1_84' title='bbox 415 726 464 764; x_wconf 90' lang='lat' dir='ltr'><strong>ad</strong></span> <span class='ocrx_word' id='word_1_85' title='bbox 491 727 683 778; x_wconf 85' lang='lat' dir='ltr'><strong>gloriam:</strong></span> <span class='ocrx_word' id='word_1_86' title='bbox 724 741 768 766; x_wconf 92' lang='lat' dir='ltr'><strong>ea</strong></span> <span class='ocrx_word' id='word_1_87' title='bbox 799 736 855 767; x_wconf 89' lang='lat' dir='ltr'><strong>est</strong></span> <span class='ocrx_word' id='word_1_88' title='bbox 885 728 1004 774; x_wconf 88' lang='lat' dir='ltr'><strong>enim,</strong></span> <span class='ocrx_word' id='word_1_89' title='bbox 1040 740 1160 779; x_wconf 91' lang='lat' dir='ltr'><strong>quam</strong></span> <span class='ocrx_word' id='word_1_90' title='bbox 1194 726 1272 765; x_wconf 77' lang='lat' dir='ltr'><strong>elo-</strong></span> 
     </span>
     <span class='ocr_line' id='line_1_12' title="bbox 137 778 1272 829; baseline 0.003 -13"><span class='ocrx_word' id='word_1_91' title='bbox 137 778 339 829; x_wconf 87' lang='lat' dir='ltr'><strong>quentiam</strong></span> <span class='ocrx_word' id='word_1_92' title='bbox 376 779 554 820; x_wconf 82' lang='lat' dir='ltr'><strong>dicimus.</strong></span> <span class='ocrx_word' id='word_1_93' title='bbox 601 782 680 821; x_wconf 87' lang='lat' dir='ltr'><strong>Sed</strong></span> <span class='ocrx_word' id='word_1_94' title='bbox 712 790 842 821; x_wconf 86' lang='lat' dir='ltr'><strong>tamen</strong></span> <span class='ocrx_word' id='word_1_95' title='bbox 876 782 1030 822; x_wconf 89' lang='lat' dir='ltr'><strong>difficile</strong></span> <span class='ocrx_word' id='word_1_96' title='bbox 1062 781 1166 820; x_wconf 89' lang='lat' dir='ltr'><strong>dictu</strong></span> <span class='ocrx_word' id='word_1_97' title='bbox 1201 788 1272 829; x_wconf 86' lang='lat' dir='ltr'><strong>est,</strong></span> 
     </span>
     <span class='ocr_line' id='line_1_13' title="bbox 138 835 1274 885; baseline 0.003 -15"><span class='ocrx_word' id='word_1_98' title='bbox 138 840 375 885; x_wconf 79' lang='lat' dir='ltr'><strong>quantopere</strong></span> <span class='ocrx_word' id='word_1_99' title='bbox 394 835 569 874; x_wconf 85' lang='lat' dir='ltr'><strong>conciliet</strong></span> <span class='ocrx_word' id='word_1_100' title='bbox 587 837 736 876; x_wconf 88' lang='lat' dir='ltr'><strong>animos</strong></span> <span class='ocrx_word' id='word_1_101' title='bbox 762 837 968 876; x_wconf 85' lang='lat' dir='ltr'><strong>hominum</strong></span> <span class='ocrx_word' id='word_1_102' title='bbox 994 836 1154 876; x_wconf 85' lang='lat' dir='ltr'><strong>comitas</strong></span> <span class='ocrx_word' id='word_1_103' title='bbox 1179 835 1274 873; x_wconf 85' lang='lat' dir='ltr'><strong>affa-</strong></span> 
     </span>
     <span class='ocr_line' id='line_1_14' title="bbox 137 886 1274 944; baseline 0.003 -19"><span class='ocrx_word' id='word_1_104' title='bbox 137 886 345 939; x_wconf 85' lang='lat' dir='ltr'><strong>bilitasque</strong></span> <span class='ocrx_word' id='word_1_105' title='bbox 364 890 561 929; x_wconf 87' lang='lat' dir='ltr'><strong>sermonis.</strong></span> <span class='ocrx_word' id='word_1_106' title='bbox 590 890 761 930; x_wconf 83' lang='lat' dir='ltr'>Exstant</span> <span class='ocrx_word' id='word_1_107' title='bbox 780 892 962 944; x_wconf 87' lang='lat' dir='ltr'><strong>epistolae,</strong></span> <span class='ocrx_word' id='word_1_108' title='bbox 981 900 1018 930; x_wconf 84' lang='lat' dir='ltr'><strong>et</strong></span> <span class='ocrx_word' id='word_1_109' title='bbox 1035 890 1209 943; x_wconf 88' lang='lat' dir='ltr'><strong>Philippi</strong></span> <span class='ocrx_word' id='word_1_110' title='bbox 1223 889 1274 928; x_wconf 85' lang='lat' dir='ltr'><strong>ad</strong></span> 
     </span>
     <span class='ocr_line' id='line_1_15' title="bbox 138 941 1274 997; baseline 0.004 -18"><span class='ocrx_word' id='word_1_111' title='bbox 138 941 430 991; x_wconf 82' lang='lat' dir='ltr'><strong>Alexandrum,</strong></span> <span class='ocrx_word' id='word_1_112' title='bbox 452 952 489 983; x_wconf 92' lang='lat' dir='ltr'><strong>et</strong></span> <span class='ocrx_word' id='word_1_113' title='bbox 506 945 708 997; x_wconf 85' lang='lat' dir='ltr'><strong>Antipatri</strong></span> <span class='ocrx_word' id='word_1_114' title='bbox 727 946 776 984; x_wconf 91' lang='lat' dir='ltr'><strong>ad</strong></span> <span class='ocrx_word' id='word_1_115' title='bbox 797 947 1073 994; x_wconf 87' lang='lat' dir='ltr'><strong>Cassandrum,</strong></span> <span class='ocrx_word' id='word_1_116' title='bbox 1098 953 1136 984; x_wconf 91' lang='lat' dir='ltr'><strong>et</strong></span> <span class='ocrx_word' id='word_1_117' title='bbox 1153 945 1274 984; x_wconf 84' lang='lat' dir='ltr'><strong>Anti-</strong></span> 
     </span>
     <span class='ocr_line' id='line_1_16' title="bbox 136 996 1272 1053; baseline 0.004 -19"><span class='ocrx_word' id='word_1_118' title='bbox 136 996 231 1047; x_wconf 90' lang='lat' dir='ltr'><strong>goni</strong></span> <span class='ocrx_word' id='word_1_119' title='bbox 249 996 299 1034; x_wconf 90' lang='lat' dir='ltr'><strong>ad</strong></span> <span class='ocrx_word' id='word_1_120' title='bbox 318 998 548 1051; x_wconf 90' lang='lat' dir='ltr'><strong>Philippum</strong></span> <span class='ocrx_word' id='word_1_121' title='bbox 567 1000 708 1048; x_wconf 90' lang='lat' dir='ltr'><strong>filium,</strong></span> <span class='ocrx_word' id='word_1_122' title='bbox 729 1001 848 1039; x_wconf 91' lang='lat' dir='ltr'><strong>trium</strong></span> <span class='ocrx_word' id='word_1_123' title='bbox 868 1000 1272 1053; x_wconf 81' lang='lat' dir='ltr'><strong>prudentissimorum,</strong></span> 
     </span>
     <span class='ocr_line' id='line_1_17' title="bbox 137 1050 1275 1108; baseline 0.003 -19"><span class='ocrx_word' id='word_1_124' title='bbox 137 1050 209 1093; x_wconf 89' lang='lat' dir='ltr'><strong>(sic</strong></span> <span class='ocrx_word' id='word_1_125' title='bbox 228 1051 332 1090; x_wconf 87' lang='lat' dir='ltr'><strong>enim</strong></span> <span class='ocrx_word' id='word_1_126' title='bbox 357 1054 589 1105; x_wconf 89' lang='lat' dir='ltr'><strong>accepimus)</strong></span> <span class='ocrx_word' id='word_1_127' title='bbox 610 1056 752 1107; x_wconf 89' lang='lat' dir='ltr'><strong>quibus</strong></span> <span class='ocrx_word' id='word_1_128' title='bbox 770 1056 1013 1108; x_wconf 85' lang='lat' dir='ltr'><strong>praecipiunt,</strong></span> <span class='ocrx_word' id='word_1_129' title='bbox 1033 1063 1078 1093; x_wconf 89' lang='lat' dir='ltr'><strong>ut</strong></span> <span class='ocrx_word' id='word_1_130' title='bbox 1104 1054 1275 1093; x_wconf 85' lang='lat' dir='ltr'><strong>oratione</strong></span> 
     </span>
     <span class='ocr_line' id='line_1_18' title="bbox 138 1105 1275 1156; baseline 0.004 -13"><span class='ocrx_word' id='word_1_131' title='bbox 138 1105 309 1156; x_wconf 63' lang='lat' dir='ltr'><strong>benigna</strong></span> <span class='ocrx_word' id='word_1_132' title='bbox 326 1107 588 1147; x_wconf 83' lang='lat' dir='ltr'><strong>multitudinis</strong></span> <span class='ocrx_word' id='word_1_133' title='bbox 607 1110 756 1148; x_wconf 90' lang='lat' dir='ltr'><strong>animos</strong></span> <span class='ocrx_word' id='word_1_134' title='bbox 782 1110 832 1149; x_wconf 91' lang='lat' dir='ltr'><strong>ad</strong></span> <span class='ocrx_word' id='word_1_135' title='bbox 856 1109 1164 1149; x_wconf 83' lang='lat' dir='ltr'><strong>benevolentiam</strong></span> <span class='ocrx_word' id='word_1_136' title='bbox 1188 1108 1275 1147; x_wconf 84' lang='lat' dir='ltr'><strong>aui-</strong></span> 
     </span>
     <span class='ocr_line' id='line_1_19' title="bbox 137 1159 1275 1217; baseline 0.004 -20"><span class='ocrx_word' id='word_1_137' title='bbox 137 1159 256 1209; x_wconf 85' lang='lat' dir='ltr'><strong>ciant,</strong></span> <span class='ocrx_word' id='word_1_138' title='bbox 276 1161 497 1214; x_wconf 87' lang='lat' dir='ltr'><strong>militesque</strong></span> <span class='ocrx_word' id='word_1_139' title='bbox 515 1163 658 1203; x_wconf 91' lang='lat' dir='ltr'><strong>blande</strong></span> <span class='ocrx_word' id='word_1_140' title='bbox 677 1165 907 1217; x_wconf 88' lang='lat' dir='ltr'><strong>appellando</strong></span> <span class='ocrx_word' id='word_1_141' title='bbox 926 1164 1131 1204; x_wconf 86' lang='lat' dir='ltr'><strong>deleniant.</strong></span> <span class='ocrx_word' id='word_1_142' title='bbox 1171 1162 1275 1211; x_wconf 82' lang='lat' dir='ltr'><strong>Quae</strong></span> 
     </span>
     <span class='ocr_line' id='line_1_20' title="bbox 137 1215 1276 1259; baseline 0.004 -7"><span class='ocrx_word' id='word_1_143' title='bbox 137 1221 269 1253; x_wconf 87' lang='lat' dir='ltr'><strong>autem</strong></span> <span class='ocrx_word' id='word_1_144' title='bbox 287 1215 330 1254; x_wconf 90' lang='lat' dir='ltr'><strong>in</strong></span> <span class='ocrx_word' id='word_1_145' title='bbox 348 1217 600 1257; x_wconf 87' lang='lat' dir='ltr'><strong>multitudine</strong></span> <span class='ocrx_word' id='word_1_146' title='bbox 620 1232 710 1258; x_wconf 90' lang='lat' dir='ltr'><strong>cum</strong></span> <span class='ocrx_word' id='word_1_147' title='bbox 735 1220 975 1259; x_wconf 89' lang='lat' dir='ltr'><strong>contentione</strong></span> <span class='ocrx_word' id='word_1_148' title='bbox 1000 1220 1164 1258; x_wconf 85' lang='lat' dir='ltr'><strong>habetur</strong></span> <span class='ocrx_word' id='word_1_149' title='bbox 1189 1231 1276 1256; x_wconf 87' lang='lat' dir='ltr'><strong>ora-</strong></span> 
     </span>
     <span class='ocr_line' id='line_1_21' title="bbox 137 1268 1277 1326; baseline 0.003 -19"><span class='ocrx_word' id='word_1_150' title='bbox 137 1268 208 1316; x_wconf 85' lang='lat' dir='ltr'><strong>tio,</strong></span> <span class='ocrx_word' id='word_1_151' title='bbox 229 1282 274 1308; x_wconf 63' lang='lat' dir='ltr'><strong>m</strong></span> <span class='ocrx_word' id='word_1_152' title='bbox 293 1284 394 1323; x_wconf 89' lang='lat' dir='ltr'><strong>saepe</strong></span> <span class='ocrx_word' id='word_1_153' title='bbox 411 1272 632 1312; x_wconf 82' lang='lat' dir='ltr'><strong>universam</strong></span> <span class='ocrx_word' id='word_1_154' title='bbox 653 1274 805 1313; x_wconf 84' lang='lat' dir='ltr'><strong>excitat.</strong></span> <span class='ocrx_word' id='word_1_155' title='bbox 837 1274 990 1326; x_wconf 85' lang='lat' dir='ltr'><strong>Magna</strong></span> <span class='ocrx_word' id='word_1_156' title='bbox 1009 1282 1065 1313; x_wconf 67' lang='lat' dir='ltr'><strong>oet</strong></span> <span class='ocrx_word' id='word_1_157' title='bbox 1084 1273 1188 1312; x_wconf 89' lang='lat' dir='ltr'><strong>enim</strong></span> <span class='ocrx_word' id='word_1_158' title='bbox 1207 1272 1277 1310; x_wconf 89' lang='lat' dir='ltr'><strong>ad-</strong></span> 
     </span>
     <span class='ocr_line' id='line_1_22' title="bbox 137 1323 1277 1381; baseline 0.004 -20"><span class='ocrx_word' id='word_1_159' title='bbox 137 1323 292 1363; x_wconf 75' lang='lat' dir='ltr'><strong>miratio</strong></span> <span class='ocrx_word' id='word_1_160' title='bbox 311 1325 461 1378; x_wconf 87' lang='lat' dir='ltr'><strong>copiose</strong></span> <span class='ocrx_word' id='word_1_161' title='bbox 480 1328 747 1381; x_wconf 88' lang='lat' dir='ltr'><strong>sapienterque</strong></span> <span class='ocrx_word' id='word_1_162' title='bbox 766 1328 951 1375; x_wconf 76' lang='lat' dir='ltr'><strong>dicenti53</strong></span> <span class='ocrx_word' id='word_1_163' title='bbox 983 1341 1099 1381; x_wconf 89' lang='lat' dir='ltr'><strong>quem</strong></span> <span class='ocrx_word' id='word_1_164' title='bbox 1119 1327 1188 1379; x_wconf 89' lang='lat' dir='ltr'><strong>qui</strong></span> <span class='ocrx_word' id='word_1_165' title='bbox 1206 1340 1277 1365; x_wconf 88' lang='lat' dir='ltr'><strong>au-</strong></span> 
     </span>
     <span class='ocr_line' id='line_1_23' title="bbox 139 1376 1276 1436; baseline 0.004 -21"><span class='ocrx_word' id='word_1_166' title='bbox 139 1376 268 1427; x_wconf 88' lang='lat' dir='ltr'><strong>diunt,</strong></span> <span class='ocrx_word' id='word_1_167' title='bbox 307 1379 522 1432; x_wconf 84' lang='lat' dir='ltr'><strong>intelligere</strong></span> <span class='ocrx_word' id='word_1_168' title='bbox 553 1382 669 1421; x_wconf 86' lang='lat' dir='ltr'><strong>etiam</strong></span> <span class='ocrx_word' id='word_1_169' title='bbox 694 1391 731 1422; x_wconf 92' lang='lat' dir='ltr'><strong>et</strong></span> <span class='ocrx_word' id='word_1_170' title='bbox 755 1397 885 1436; x_wconf 87' lang='lat' dir='ltr'><strong>sapere</strong></span> <span class='ocrx_word' id='word_1_171' title='bbox 911 1384 999 1435; x_wconf 88' lang='lat' dir='ltr'><strong>plus</strong></span> <span class='ocrx_word' id='word_1_172' title='bbox 1019 1395 1137 1435; x_wconf 91' lang='lat' dir='ltr'><strong>quam</strong></span> <span class='ocrx_word' id='word_1_173' title='bbox 1164 1389 1276 1421; x_wconf 83' lang='lat' dir='ltr'><strong>caete-</strong></span> 
     </span>
     <span class='ocr_line' id='line_1_24' title="bbox 139 1433 1276 1481; baseline 0.004 -11"><span class='ocrx_word' id='word_1_174' title='bbox 139 1445 216 1481; x_wconf 89' lang='lat' dir='ltr'><strong>ros,</strong></span> <span class='ocrx_word' id='word_1_175' title='bbox 236 1433 482 1473; x_wconf 85' lang='lat' dir='ltr'><strong>arbitrantur.</strong></span> <span class='ocrx_word' id='word_1_176' title='bbox 513 1436 556 1475; x_wconf 91' lang='lat' dir='ltr'><strong>Si</strong></span> <span class='ocrx_word' id='word_1_177' title='bbox 574 1451 663 1476; x_wconf 84' lang='lat' dir='ltr'><strong>vero</strong></span> <span class='ocrx_word' id='word_1_178' title='bbox 682 1438 780 1476; x_wconf 57' lang='lat' dir='ltr'><strong>inest</strong></span> <span class='ocrx_word' id='word_1_179' title='bbox 799 1439 839 1476; x_wconf 91' lang='lat' dir='ltr'><strong>in</strong></span> <span class='ocrx_word' id='word_1_180' title='bbox 860 1438 1030 1477; x_wconf 87' lang='lat' dir='ltr'><strong>oratione</strong></span> <span class='ocrx_word' id='word_1_181' title='bbox 1048 1437 1172 1475; x_wconf 79' lang='lat' dir='ltr'><strong>mixta</strong></span> <span class='ocrx_word' id='word_1_182' title='bbox 1190 1449 1276 1475; x_wconf 88' lang='lat' dir='ltr'><strong>mo-</strong></span> 
     </span>
     <span class='ocr_line' id='line_1_25' title="bbox 139 1485 1278 1545; baseline 0.004 -21"><span class='ocrx_word' id='word_1_183' title='bbox 139 1485 272 1526; x_wconf 61' lang='lat' dir='ltr'><strong>destiae</strong></span> <span class='ocrx_word' id='word_1_184' title='bbox 290 1489 472 1540; x_wconf 84' lang='lat' dir='ltr'><strong>gravitas,</strong></span> <span class='ocrx_word' id='word_1_185' title='bbox 493 1491 550 1530; x_wconf 89' lang='lat' dir='ltr'><strong>nil</strong></span> <span class='ocrx_word' id='word_1_186' title='bbox 574 1491 842 1532; x_wconf 86' lang='lat' dir='ltr'><strong>admirabilius</strong></span> <span class='ocrx_word' id='word_1_187' title='bbox 867 1492 950 1531; x_wconf 89' lang='lat' dir='ltr'><strong>fieri</strong></span> <span class='ocrx_word' id='word_1_188' title='bbox 974 1498 1124 1545; x_wconf 61' lang='lat' dir='ltr'><strong>potest3</strong></span> <span class='ocrx_word' id='word_1_189' title='bbox 1155 1503 1278 1543; x_wconf 88' lang='lat' dir='ltr'><strong>eoque</strong></span> 
     </span>
     <span class='ocr_line' id='line_1_26' title="bbox 139 1541 834 1593; baseline 0.009 -13"><span class='ocrx_word' id='word_1_190' title='bbox 139 1541 279 1593; x_wconf 83' lang='lat' dir='ltr'><strong>magis,</strong></span> <span class='ocrx_word' id='word_1_191' title='bbox 300 1543 333 1581; x_wconf 90' lang='lat' dir='ltr'><strong>si</strong></span> <span class='ocrx_word' id='word_1_192' title='bbox 351 1557 396 1582; x_wconf 90' lang='lat' dir='ltr'><strong>ea</strong></span> <span class='ocrx_word' id='word_1_193' title='bbox 414 1552 504 1583; x_wconf 88' lang='lat' dir='ltr'><strong>sunt</strong></span> <span class='ocrx_word' id='word_1_194' title='bbox 522 1545 564 1583; x_wconf 91' lang='lat' dir='ltr'><strong>in</strong></span> <span class='ocrx_word' id='word_1_195' title='bbox 583 1546 834 1586; x_wconf 85' lang='lat' dir='ltr'><strong>adolescente.</strong></span> 
     </span>
    </p>

    <p class='ocr_par' dir='ltr' id='par_1_8' title="bbox 140 1596 1283 2308">
     <span class='ocr_line' id='line_1_27' title="bbox 195 1596 1278 1653; baseline 0.003 -18"><span class='ocrx_word' id='word_1_196' title='bbox 195 1596 287 1644; x_wconf 84' lang='lat' dir='ltr'><strong>Sed,</strong></span> <span class='ocrx_word' id='word_1_197' title='bbox 315 1610 406 1636; x_wconf 89' lang='lat' dir='ltr'><strong>cum</strong></span> <span class='ocrx_word' id='word_1_198' title='bbox 432 1599 508 1637; x_wconf 87' lang='lat' dir='ltr'><strong>sint</strong></span> <span class='ocrx_word' id='word_1_199' title='bbox 531 1600 646 1651; x_wconf 89' lang='lat' dir='ltr'><strong>plura</strong></span> <span class='ocrx_word' id='word_1_200' title='bbox 671 1614 875 1640; x_wconf 87' lang='lat' dir='ltr'><strong>causarum</strong></span> <span class='ocrx_word' id='word_1_201' title='bbox 901 1614 1054 1653; x_wconf 87' lang='lat' dir='ltr'><strong>genera,</strong></span> <span class='ocrx_word' id='word_1_202' title='bbox 1084 1613 1173 1653; x_wconf 88' lang='lat' dir='ltr'><strong>quae</strong></span> <span class='ocrx_word' id='word_1_203' title='bbox 1198 1599 1278 1638; x_wconf 90' lang='lat' dir='ltr'><strong>elo-</strong></span> 
     </span>
     <span class='ocr_line' id='line_1_28' title="bbox 140 1650 1278 1707; baseline 0.003 -19"><span class='ocrx_word' id='word_1_204' title='bbox 140 1650 341 1702; x_wconf 81' lang='lat' dir='ltr'><strong>quentiam</strong></span> <span class='ocrx_word' id='word_1_205' title='bbox 365 1651 596 1703; x_wconf 61' lang='lat' dir='ltr'><strong>desiderant,</strong></span> <span class='ocrx_word' id='word_1_206' title='bbox 628 1656 823 1707; x_wconf 85' lang='lat' dir='ltr'><strong>multique</strong></span> <span class='ocrx_word' id='word_1_207' title='bbox 851 1657 892 1694; x_wconf 92' lang='lat' dir='ltr'><strong>in</strong></span> <span class='ocrx_word' id='word_1_208' title='bbox 920 1656 1052 1694; x_wconf 66' lang='lat' dir='ltr'><strong>nostra</strong></span> <span class='ocrx_word' id='word_1_209' title='bbox 1079 1653 1278 1707; x_wconf 67' lang='lat' dir='ltr'><strong>republica</strong></span> 
     </span>
     <span class='ocr_line' id='line_1_29' title="bbox 141 1704 1278 1762; baseline 0.002 -18"><span class='ocrx_word' id='word_1_210' title='bbox 141 1704 411 1755; x_wconf 65' lang='lat' dir='ltr'><strong>adolescentes,</strong></span> <span class='ocrx_word' id='word_1_211' title='bbox 441 1715 480 1746; x_wconf 89' lang='lat' dir='ltr'><strong>et</strong></span> <span class='ocrx_word' id='word_1_212' title='bbox 506 1708 612 1760; x_wconf 91' lang='lat' dir='ltr'><strong>apud</strong></span> <span class='ocrx_word' id='word_1_213' title='bbox 636 1710 785 1760; x_wconf 89' lang='lat' dir='ltr'><strong>judices</strong></span> <span class='ocrx_word' id='word_1_214' title='bbox 814 1718 851 1749; x_wconf 92' lang='lat' dir='ltr'><strong>et</strong></span> <span class='ocrx_word' id='word_1_215' title='bbox 879 1710 984 1762; x_wconf 92' lang='lat' dir='ltr'><strong>apud</strong></span> <span class='ocrx_word' id='word_1_216' title='bbox 1012 1717 1189 1748; x_wconf 89' lang='lat' dir='ltr'><strong>senatum</strong></span> <span class='ocrx_word' id='word_1_217' title='bbox 1218 1707 1278 1745; x_wconf 92' lang='lat' dir='ltr'><strong>di-</strong></span> 
     </span>
     <span class='ocr_line' id='line_1_30' title="bbox 140 1759 1279 1810; baseline 0.002 -11"><span class='ocrx_word' id='word_1_218' title='bbox 140 1759 278 1808; x_wconf 85' lang='lat' dir='ltr'><strong>cendo,</strong></span> <span class='ocrx_word' id='word_1_219' title='bbox 298 1760 456 1800; x_wconf 87' lang='lat' dir='ltr'><strong>laudem</strong></span> <span class='ocrx_word' id='word_1_220' title='bbox 475 1763 638 1801; x_wconf 88' lang='lat' dir='ltr'><strong>assecuti</strong></span> <span class='ocrx_word' id='word_1_221' title='bbox 663 1764 765 1810; x_wconf 80' lang='lat' dir='ltr'><strong>sint3</strong></span> <span class='ocrx_word' id='word_1_222' title='bbox 795 1765 969 1803; x_wconf 81' lang='lat' dir='ltr'><strong>maxima</strong></span> <span class='ocrx_word' id='word_1_223' title='bbox 994 1763 1198 1802; x_wconf 88' lang='lat' dir='ltr'><strong>admiratio</strong></span> <span class='ocrx_word' id='word_1_224' title='bbox 1221 1769 1279 1801; x_wconf 67' lang='lat' dir='ltr'><strong>aet</strong></span> 
     </span>
     <span class='ocr_line' id='line_1_31' title="bbox 141 1813 1279 1871; baseline 0.004 -20"><span class='ocrx_word' id='word_1_225' title='bbox 141 1813 185 1852; x_wconf 84' lang='lat' dir='ltr'><strong>in</strong></span> <span class='ocrx_word' id='word_1_226' title='bbox 201 1813 382 1864; x_wconf 85' lang='lat' dir='ltr'><strong>judiciis:</strong></span> <span class='ocrx_word' id='word_1_227' title='bbox 414 1829 583 1868; x_wconf 92' lang='lat' dir='ltr'><strong>quorum</strong></span> <span class='ocrx_word' id='word_1_228' title='bbox 602 1818 699 1857; x_wconf 91' lang='lat' dir='ltr'><strong>ratio</strong></span> <span class='ocrx_word' id='word_1_229' title='bbox 717 1818 863 1871; x_wconf 85' lang='lat' dir='ltr'><strong>duplex</strong></span> <span class='ocrx_word' id='word_1_230' title='bbox 883 1826 964 1857; x_wconf 67' lang='lat' dir='ltr'><strong>est:</strong></span> <span class='ocrx_word' id='word_1_231' title='bbox 992 1831 1083 1856; x_wconf 87' lang='lat' dir='ltr'><strong>nam</strong></span> <span class='ocrx_word' id='word_1_232' title='bbox 1105 1831 1154 1856; x_wconf 85' lang='lat' dir='ltr'><strong>ex</strong></span> <span class='ocrx_word' id='word_1_233' title='bbox 1168 1830 1279 1856; x_wconf 89' lang='lat' dir='ltr'><strong>accu-</strong></span> 
     </span>
     <span class='ocr_line' id='line_1_32' title="bbox 144 1868 1283 1926; baseline 0.003 -20"><span class='ocrx_word' id='word_1_234' title='bbox 144 1868 291 1907; x_wconf 84' lang='lat' dir='ltr'><strong>satione</strong></span> <span class='ocrx_word' id='word_1_235' title='bbox 316 1877 354 1907; x_wconf 88' lang='lat' dir='ltr'><strong>et</strong></span> <span class='ocrx_word' id='word_1_236' title='bbox 383 1869 602 1910; x_wconf 85' lang='lat' dir='ltr'><strong>defensione</strong></span> <span class='ocrx_word' id='word_1_237' title='bbox 622 1880 796 1920; x_wconf 78' lang='lat' dir='ltr'><strong>constat3</strong></span> <span class='ocrx_word' id='word_1_238' title='bbox 826 1886 992 1926; x_wconf 90' lang='lat' dir='ltr'><strong>quarum</strong></span> <span class='ocrx_word' id='word_1_239' title='bbox 1017 1872 1088 1912; x_wconf 84' lang='lat' dir='ltr'><strong>etsi</strong></span> <span class='ocrx_word' id='word_1_240' title='bbox 1105 1870 1283 1911; x_wconf 89' lang='lat' dir='ltr'><strong>laudabi-</strong></span> 
     </span>
     <span class='ocr_line' id='line_1_33' title="bbox 143 1922 1281 1980; baseline 0.004 -20"><span class='ocrx_word' id='word_1_241' title='bbox 143 1922 217 1961; x_wconf 89' lang='lat' dir='ltr'><strong>lior</strong></span> <span class='ocrx_word' id='word_1_242' title='bbox 233 1930 291 1962; x_wconf 81' lang='lat' dir='ltr'><strong>est</strong></span> <span class='ocrx_word' id='word_1_243' title='bbox 309 1923 493 1975; x_wconf 89' lang='lat' dir='ltr'><strong>defensio,</strong></span> <span class='ocrx_word' id='word_1_244' title='bbox 514 1933 645 1965; x_wconf 76' lang='lat' dir='ltr'><strong>tamen</strong></span> <span class='ocrx_word' id='word_1_245' title='bbox 664 1927 781 1966; x_wconf 81' lang='lat' dir='ltr'><strong>etiam</strong></span> <span class='ocrx_word' id='word_1_246' title='bbox 805 1927 996 1967; x_wconf 77' lang='lat' dir='ltr'><strong>accusatio</strong></span> <span class='ocrx_word' id='word_1_247' title='bbox 1014 1929 1175 1980; x_wconf 90' lang='lat' dir='ltr'><strong>probata</strong></span> <span class='ocrx_word' id='word_1_248' title='bbox 1192 1938 1281 1978; x_wconf 90' lang='lat' dir='ltr'><strong>per-</strong></span> 
     </span>
     <span class='ocr_line' id='line_1_34' title="bbox 143 1979 1281 2032; baseline 0.003 -17"><span class='ocrx_word' id='word_1_249' title='bbox 143 1990 245 2029; x_wconf 89' lang='lat' dir='ltr'><strong>saepe</strong></span> <span class='ocrx_word' id='word_1_250' title='bbox 274 1986 342 2016; x_wconf 57' lang='lat' dir='ltr'><strong>est.</strong></span> <span class='ocrx_word' id='word_1_251' title='bbox 383 1979 482 2017; x_wconf 77' lang='lat' dir='ltr'><strong>Dixi</strong></span> <span class='ocrx_word' id='word_1_252' title='bbox 513 1981 631 2032; x_wconf 92' lang='lat' dir='ltr'><strong>paulo</strong></span> <span class='ocrx_word' id='word_1_253' title='bbox 661 1991 749 2021; x_wconf 89' lang='lat' dir='ltr'><strong>ante</strong></span> <span class='ocrx_word' id='word_1_254' title='bbox 778 1982 826 2021; x_wconf 96' lang='lat' dir='ltr'><strong>de</strong></span> <span class='ocrx_word' id='word_1_255' title='bbox 855 1982 1004 2021; x_wconf 92' lang='lat' dir='ltr'><strong>Crasso.</strong></span> <span class='ocrx_word' id='word_1_256' title='bbox 1050 1981 1163 2020; x_wconf 91' lang='lat' dir='ltr'><strong>Idem</strong></span> <span class='ocrx_word' id='word_1_257' title='bbox 1191 1980 1281 2019; x_wconf 89' lang='lat' dir='ltr'><strong>fecit</strong></span> 
     </span>
     <span class='ocr_line' id='line_1_35' title="bbox 144 2032 1282 2089; baseline 0.004 -19"><span class='ocrx_word' id='word_1_258' title='bbox 144 2032 363 2071; x_wconf 62' lang='lat' dir='ltr'><strong>adolescens</strong></span> <span class='ocrx_word' id='word_1_259' title='bbox 383 2033 445 2072; x_wconf 88' lang='grc' dir='ltr'><strong>Μ.</strong></span> <span class='ocrx_word' id='word_1_260' title='bbox 466 2034 691 2075; x_wconf 79' lang='lat' dir='ltr'><strong>Antonius:</strong></span> <span class='ocrx_word' id='word_1_261' title='bbox 718 2037 835 2076; x_wconf 89' lang='lat' dir='ltr'><strong>etiarn</strong></span> <span class='ocrx_word' id='word_1_262' title='bbox 855 2037 902 2075; x_wconf 91' lang='lat' dir='ltr'><strong>P.</strong></span> <span class='ocrx_word' id='word_1_263' title='bbox 920 2036 1082 2089; x_wconf 88' lang='lat' dir='ltr'><strong>Sulpicii</strong></span> <span class='ocrx_word' id='word_1_264' title='bbox 1097 2036 1282 2087; x_wconf 91' lang='lat' dir='ltr'><strong>eloquen-</strong></span> 
     </span>
     <span class='ocr_line' id='line_1_36' title="bbox 143 2086 1282 2140; baseline 0.003 -15"><span class='ocrx_word' id='word_1_265' title='bbox 143 2086 241 2125; x_wconf 88' lang='lat' dir='ltr'><strong>tiam</strong></span> <span class='ocrx_word' id='word_1_266' title='bbox 259 2088 449 2127; x_wconf 88' lang='lat' dir='ltr'><strong>accusatio</strong></span> <span class='ocrx_word' id='word_1_267' title='bbox 467 2089 688 2140; x_wconf 87' lang='lat' dir='ltr'><strong>illustravit,</strong></span> <span class='ocrx_word' id='word_1_268' title='bbox 708 2104 799 2130; x_wconf 91' lang='lat' dir='ltr'><strong>cum</strong></span> <span class='ocrx_word' id='word_1_269' title='bbox 813 2091 1036 2130; x_wconf 85' lang='lat' dir='ltr'><strong>seditiosum</strong></span> <span class='ocrx_word' id='word_1_270' title='bbox 1051 2098 1089 2129; x_wconf 90' lang='lat' dir='ltr'><strong>et</strong></span> <span class='ocrx_word' id='word_1_271' title='bbox 1100 2090 1282 2129; x_wconf 84' lang='lat' dir='ltr'><strong>inutilem</strong></span> 
     </span>
     <span class='ocr_line' id='line_1_37' title="bbox 142 2140 1282 2196; baseline 0.004 -17"><span class='ocrx_word' id='word_1_272' title='bbox 142 2140 283 2189; x_wconf 87' lang='lat' dir='ltr'><strong>civem,</strong></span> <span class='ocrx_word' id='word_1_273' title='bbox 304 2141 350 2181; x_wconf 87' lang='lat' dir='ltr'><strong>C.</strong></span> <span class='ocrx_word' id='word_1_274' title='bbox 371 2142 622 2193; x_wconf 87' lang='lat' dir='ltr'><strong>Norbanum,</strong></span> <span class='ocrx_word' id='word_1_275' title='bbox 642 2145 684 2184; x_wconf 92' lang='lat' dir='ltr'><strong>in</strong></span> <span class='ocrx_word' id='word_1_276' title='bbox 700 2146 893 2196; x_wconf 83' lang='lat' dir='ltr'><strong>judicium</strong></span> <span class='ocrx_word' id='word_1_277' title='bbox 911 2145 1073 2185; x_wconf 83' lang='lat' dir='ltr'><strong>vocavit.</strong></span> <span class='ocrx_word' id='word_1_278' title='bbox 1112 2144 1190 2184; x_wconf 85' lang='lat' dir='ltr'><strong>Sed</strong></span> <span class='ocrx_word' id='word_1_279' title='bbox 1206 2144 1282 2182; x_wconf 87' lang='lat' dir='ltr'><strong>hoc</strong></span> 
     </span>
     <span class='ocr_line' id='line_1_38' title="bbox 144 2195 1283 2253; baseline 0.003 -20"><span class='ocrx_word' id='word_1_280' title='bbox 144 2195 306 2247; x_wconf 89' lang='lat' dir='ltr'><strong>quidem</strong></span> <span class='ocrx_word' id='word_1_281' title='bbox 329 2208 409 2236; x_wconf 88' lang='lat' dir='ltr'><strong>non</strong></span> <span class='ocrx_word' id='word_1_282' title='bbox 434 2205 491 2237; x_wconf 68' lang='lat' dir='ltr'><strong>est</strong></span> <span class='ocrx_word' id='word_1_283' title='bbox 516 2211 617 2252; x_wconf 87' lang='lat' dir='ltr'><strong>saepe</strong></span> <span class='ocrx_word' id='word_1_284' title='bbox 641 2199 878 2249; x_wconf 84' lang='lat' dir='ltr'><strong>faciendum,</strong></span> <span class='ocrx_word' id='word_1_285' title='bbox 902 2213 973 2239; x_wconf 91' lang='lat' dir='ltr'><strong>nec</strong></span> <span class='ocrx_word' id='word_1_286' title='bbox 994 2211 1188 2253; x_wconf 91' lang='lat' dir='ltr'><strong>unquam,</strong></span> <span class='ocrx_word' id='word_1_287' title='bbox 1207 2197 1283 2236; x_wconf 86' lang='lat' dir='ltr'><strong>nisi</strong></span> 
     </span>
     <span class='ocr_line' id='line_1_39' title="bbox 144 2249 1283 2308; baseline 0.002 -19"><span class='ocrx_word' id='word_1_288' title='bbox 144 2256 215 2289; x_wconf 77' lang='lat' dir='ltr'><strong>aut</strong></span> <span class='ocrx_word' id='word_1_289' title='bbox 230 2249 455 2304; x_wconf 73' lang='lat' dir='ltr'><strong>reipublicae</strong></span> <span class='ocrx_word' id='word_1_290' title='bbox 472 2255 603 2305; x_wconf 60' lang='lat' dir='ltr'><strong>causa,</strong></span> <span class='ocrx_word' id='word_1_291' title='bbox 622 2262 669 2294; x_wconf 89' lang='lat' dir='ltr'><strong>ut</strong></span> <span class='ocrx_word' id='word_1_292' title='bbox 692 2254 736 2305; x_wconf 87' lang='lat' dir='ltr'><strong>ii,</strong></span> <span class='ocrx_word' id='word_1_293' title='bbox 755 2267 854 2308; x_wconf 81' lang='lat' dir='ltr'><strong>quos</strong></span> <span class='ocrx_word' id='word_1_294' title='bbox 878 2262 969 2295; x_wconf 76' lang='lat' dir='ltr'><strong>ante</strong></span> <span class='ocrx_word' id='word_1_295' title='bbox 991 2254 1101 2301; x_wconf 83' lang='lat' dir='ltr'><strong>dixi;</strong></span> <span class='ocrx_word' id='word_1_296' title='bbox 1129 2259 1199 2293; x_wconf 84' lang='lat' dir='ltr'><strong>aut</strong></span> <span class='ocrx_word' id='word_1_297' title='bbox 1217 2252 1283 2291; x_wconf 81' lang='lat' dir='ltr'><strong>u]-</strong></span> 
     </span>
    </p>
   </div>
  </div>
 </body>
</html>
