1470 2402
207 105 260 143 24
316 102 394 142 DE
424 100 843 153 DIVINATIONE,
859 102 960 143 11113.
977 102 1012 143 Ι.
1026 102 1134 144 cn».
1148 101 1217 143 284

206 212 310 251 Cum
328 211 406 251 duo
424 210 583 264 quidam
601 211 771 251 Arcades
795 212 1001 252 familiares
1025 212 1097 251 iter
1120 211 1200 251 un'a
1223 209 1323 250 face-

206 273 305 313 rent,
333 274 370 305 et
396 266 600 318 Megaram
625 267 828 313 venissent,
848 267 1011 305 alterum
1036 266 1086 305 ad
1111 277 1323 318 cauponem

206 320 429 366 divertisse;
469 320 519 358 ad
554 320 763 372 hospitem,
792 321 967 359 alterum.
1008 320 1090 369 Qui
1117 327 1162 358 ut
1189 319 1325 359 ooenati

207 374 456 436 quiescerent,
477 375 662 413 concubia
680 382 789 413 nocte
807 374 933 413 visum
952 387 1030 413 esse
1047 375 1088 412 in
1107 373 1248 413 somnis
1273 372 1322 422 ei,

207 429 276 480 qui
295 436 374 466 erat
391 428 432 466 in
450 429 627 480 hospitio,
648 429 758 467 illum
785 429 950 467 alterum
974 441 1093 477 orare,
1120 435 1165 466 ut
1189 429 1324 467 subve-

208 482 321 531 niret,
342 482 447 534 quod
466 483 537 521 sibi
555 496 579 520 a
597 495 768 534 caupone
785 482 960 521 interitus
983 488 1327 534 pararetur3eu1n

207 536 334 588 primo
359 537 602 588 perterritum
622 536 769 575 somnio
795 536 1027 575 surrexisse.
1057 535 1161 585 dein,
1180 547 1270 575 cum
1288 547 1328 574 se

209 590 432 642 collegisset,
459 591 576 642 idque
603 591 729 629 visum
756 603 827 642 pro
854 590 975 629 nihilo
1001 589 1224 629 habendum
1250 601 1329 628 esse

209 643 393 692 duxisset,
403 645 639 683 recubuisse:
662 653 748 683 tum
762 645 796 683 ei
810 644 1013 683 dormienti
1025 643 1204 683 eumdem
1215 643 1329 683 illum

209 698 336 737 visum
355 711 433 737 esse
450 711 597 750 rogare,
618 706 676 747 ut,
697 698 881 750 quoniam
900 698 972 737 sibi
990 698 1077 737 vivo
1095 710 1173 736 ιιοιι
1192 699 1328 737 subve-

208 753 339 800 nisset,
366 760 530 791 mortem
556 765 666 790 suam
690 765 739 790 ne
763 752 930 791 inultam
949 765 1027 791 esse
1044 758 1260 804 pateretu13
1290 764 1330 791 se

208 806 451 845 interfectum
469 807 510 844 in
528 807 744 858 plaustrum
769 819 792 844 a
814 818 985 858 caupone
1002 819 1081 845 esse
1099 807 1328 856 conjectum,

211 867 249 899 et
273 873 387 912 supra
406 868 546 899 stercus
565 860 775 910 injectum:
805 867 946 912 petere,
966 867 1011 899 ut
1035 872 1150 899 mane
1167 859 1217 898 ad
1239 873 1329 912 por-

210 921 292 953 tam
317 914 475 961 adesset,
495 915 722 966 priusquam
739 915 955 966 plaustrum
974 927 1022 953 ex
1040 913 1182 966 oppido
1199 915 1330 953 exiret.

212 968 301 1006 Hoc
331 981 419 1006 vero
447 969 594 1006 somnio
623 981 713 1006 eum
743 975 993 1017 commotum,
1021 981 1136 1007 mane
1162 969 1332 1008 bubulco

211 1030 349 1084 praesto
368 1021 417 1060 ad
435 1029 586 1073 portam
605 1022 743 1061 fuisse:
775 1023 954 1073 quaesisse
971 1035 1020 1061 ex
1044 1035 1102 1070 eo,
1123 1022 1217 1074 quid
1235 1030 1330 1061 esset

211 1077 253 1114 in
284 1077 480 1128 plaustro:
510 1077 624 1114 illum
656 1076 900 1128 perterritum
935 1075 1102 1128 fugisse;
1132 1084 1330 1115 mortuum

213 1139 367 1169 erutum
385 1143 483 1168 esse.
515 1143 741 1182 cauponem,
757 1143 798 1168 re
811 1129 1014 1182 patefacta,
1029 1143 1159 1182 poenas
1172 1130 1330 1170 dedisse.

267 1184 478 1222 XXVIII.
508 1184 616 1232 Quid
634 1184 706 1222 hoc
731 1184 878 1222 somnio
897 1183 971 1223 dici
990 1184 1155 1223 divinius
1172 1193 1320 1237 potest.
1310 1187 1329 1214 ⁹

213 1239 279 1278 sed
298 1238 393 1290 quid
411 1245 477 1276 aut
496 1238 609 1289 plura
633 1246 700 1276 aut
725 1245 851 1277 vetera
869 1238 1104 1290 quaerimus?
1133 1239 1243 1291 Saepe
1261 1239 1332 1278 tibi

211 1305 345 1331 meum
371 1293 546 1339 narravi3
577 1305 676 1344 saepe
695 1305 742 1331 ex
768 1300 805 1331 te
823 1292 953 1331 audivi
971 1299 1084 1331 tuum
1110 1294 1328 1332 somnium.

212 1346 298 1395 Me,
318 1358 407 1385 cum
421 1346 529 1385 Asiae
543 1347 744 1398 proconsul
758 1359 971 1398 praeessem,
985 1346 1146 1386 vidisse
1134 1360 1175 1386 ιιι
1187 1347 1330 1400 quiete,

211 1414 301 1439 cum
320 1407 362 1439 tu
383 1413 480 1452 equo
500 1400 678 1439 advectus
697 1400 746 1438 ad
771 1400 981 1452 quamdam
1005 1401 1138 1453 magni
1162 1401 1334 1442 fluminis

211 1455 351 1507 ripam,
371 1462 571 1506 provectus
589 1455 729 1503 subito,
756 1463 872 1506 atque
900 1454 1113 1506 delapsus
1101 1468 1143 1494 ιιι
1167 1456 1328 1506 flumen,

211 1521 405 1561 nusquam
423 1508 674 1560 apparuisses,
694 1521 758 1547 me
782 1509 1065 1571 contremuisse,
1085 1509 1220 1549 timore
1243 1523 1332 1563 per-

210 1563 412 1617 territum:
443 1570 528 1600 tum
542 1570 579 1601 te
591 1570 743 1614 repente
757 1563 891 1601 laetum
906 1563 1103 1614 exstitisse,
1119 1564 1331 1617 eodemque

213 1630 312 1669 equo
331 1617 528 1655 adversam
552 1616 787 1656 adscendisse
811 1617 950 1670 ripam,
969 1629 1115 1670 nosque
1138 1618 1238 1658 inter
1261 1631 1332 1658 nos

213 1684 292 1710 esse
324 1671 553 1723 complexos.
594 1671 733 1710 Facilis
767 1673 981 1722 conjectura
1011 1671 1129 1722 hujus
1161 1673 1329 1712 somnii.

212 1724 387 1777 mihique
414 1738 438 1763 a
463 1724 593 1776 peritis
620 1725 660 1763 in
687 1725 786 1764 Asia
812 1725 1038 1777 praedictum
1064 1737 1133 1775 est,
1159 1728 1240 1766 fore
1266 1739 1331 1766 eos

213 1786 370 1818 eventus
389 1791 531 1827 rerum,
546 1779 613 1830 qui
627 1779 855 1818 acciderunt.
885 1780 1011 1819 Venio
1025 1792 1128 1820 nunc
1140 1781 1190 1820 ad
1204 1788 1330 1820 tuum.

214 1833 365 1871 Audivi
383 1832 561 1884 equidem
580 1846 628 1872 ex
655 1840 692 1871 te
716 1834 813 1886 ipso,
834 1834 900 1872 sed
923 1833 1020 1872 mihi
1045 1835 1182 1887 saepius
1206 1842 1334 1874 noster

214 1887 419 1926 Sallustius
434 1887 619 1925 narravit;
641 1899 745 1935 cum,
761 1888 802 1926 in
816 1888 884 1927 illa
900 1887 1009 1940 fuga,
1028 1890 1136 1929 nobis
1154 1889 1332 1941 gloriosa,

213 1940 347 1993 patriae
372 1941 604 1990 calamitosa,
631 1940 671 1979 in
697 1941 790 1981 villa
814 1941 984 1994 quadam
1008 1943 1135 1995 campi
1160 1943 1334 1982 Atinatis

215 2007 401 2043 maneres,
432 2007 691 2046 magnamque
722 2003 870 2047 partem
897 1996 1017 2035 noctis
1046 1995 1250 2049 vigilassoe,
1283 1996 1334 2035 ad

214 2049 341 2087 lucem
377 2049 544 2100 denique
579 2057 680 2087 arcte
722 2049 800 2102 [te]
843 2058 881 2089 et
924 2049 1089 2102 graviter
1128 2050 1334 2089 dormitare

214 2103 378 2153 coepisse.
420 2102 572 2154 Itaque,
601 2115 838 2154 quamquam
864 2104 936 2143 iter
961 2104 1132 2152 instaret,
1166 2102 1246 2156 [se]
1274 2111 1332 2142 ta-

216 2168 307 2194 men
339 2156 533 2194 silentium
564 2156 646 2194 fieri
672 2157 840 2206 jussisse,
867 2170 992 2210 neque
1019 2171 1097 2198 esse
1120 2170 1276 2210 passum
1295 2165 1333 2196 te

221 2209 400 2252 excitari.
431 2221 521 2250 cum
539 2217 670 2250 autem
690 2219 929 2264 experrectus
947 2225 1044 2255 esses
1061 2212 1158 2253 hora
1174 2210 1339 2252 secunda
