1470 2402
305 102 383 141 DE
412 101 674 150 OFFICIIS,
697 101 798 140 Lm.
822 101 856 139 12
879 100 984 139 CAP.
1000 100 1037 138 6.
1151 100 1230 138 205

164 210 266 259 Quae
284 218 449 262 quatuor
466 222 704 261 quamquam
729 209 828 247 inter
853 221 893 247 se
918 208 1094 259 colligata
1113 215 1230 258 atque

109 264 305 316 implicata
323 272 426 312 sunt,
447 272 575 303 tamen
590 276 637 301 ex
652 263 812 329 singulis
826 270 926 301 certa
939 262 1148 300 officiorum
1163 274 1229 312 ge-

110 330 203 357 nera
220 326 455 357 1135011111111.
485 318 590 356 velut
614 330 661 355 ex
688 331 733 355 ea
756 325 877 368 parte,
899 329 985 367 quae
1011 316 1136 367 prima
1163 315 1229 352 de-

110 372 248 424 scripta
273 380 341 420 est,
367 371 408 409 in
433 385 486 423 qu
476 387 511 409 3
537 371 761 432 sapientiam
787 379 823 409 et
847 370 1100 432 prudentiam
1117 369 1227 421 poni-

109 438 211 487 mus,
241 427 340 465 inest
370 424 564 476 indagatio
594 433 708 476 atque
738 425 905 463 inventio
935 424 1036 462 veri:
1069 425 1228 474 ejusque

110 480 259 518 virtutis
276 481 347 518 hoc
366 492 509 517 munus
528 487 582 517 051
601 480 810 531 proprium.
855 479 911 517 Ut
936 479 1038 516 enim
1064 477 1228 538 quisque

108 534 277 572 maxime
296 533 485 585 perspicit,
507 533 629 585 quid
619 546 659 570 111
679 547 718 571 10
737 547 890 585 quaque
904 532 1143 571 verissimum
1163 531 1225 577 sit,

109 588 253 639 quique
272 588 488 626 acutissime
506 596 542 626 et
561 587 754 625 celerrime
768 596 889 639 potest
908 595 944 625 et
958 586 1084 624 videre
1104 594 1140 623 et
1159 598 1226 623 ex-

110 642 250 693 plicare
268 642 466 689 rationem,
488 642 519 679 is
538 642 854 693 prudentissimus
874 649 910 679 et
929 640 1227 692 sapientissimus

109 695 180 733 rite
194 695 325 734 haberi
343 696 447 734 solet.
478 696 667 744 Quocirca
681 696 784 739 huic,
799 696 908 747 quasi
921 694 1093 739 materia,
1106 705 1225 745 quam

107 756 253 796 tractet,
275 757 310 787 et
330 750 369 787 in
390 751 468 801 qua
487 759 667 795 versetur,
689 751 858 799 subjecta
877 759 930 787 est
949 749 1097 787 veritas.

162 803 339 855 Reliquis
358 814 487 842 autem
507 804 628 842 tribus
647 803 851 842 virtutibus
876 803 1112 842 necessitates
1136 814 1224 853 pro-

103 857 236 910 positae
254 866 344 896 sunt
361 858 409 895 ad
429 871 490 896 eas
516 871 574 896 res
599 857 786 909 parandas
812 858 1061 909 tuendasque,
1082 856 1224 908 quibus

103 911 200 949 actio
219 912 306 950 vitae
325 912 561 950 continetur:
594 920 637 950 ut
663 919 700 950 et
725 912 878 950 societas
903 911 1106 950 hominum
1133 923 1222 949 con-

99 965 323 1017 junctioque
343 974 523 1012 servetur,
545 974 581 1004 et
600 966 719 1003 animi
738 966 959 1004 excellentia
977 963 1222 1016 magnitudo-

102 1032 191 1070 que,
214 1033 302 1058 cum
321 1020 361 1057 in
381 1020 565 1071 augendis
591 1020 740 1071 opibus,
761 1020 1065 1082 utilitatibusque
1091 1026 1126 1057 et
1149 1018 1222 1056 sibi

102 1080 138 1110 et
165 1074 242 1112 suis
265 1074 543 1125 comparandis,
571 1082 655 1111 tum
681 1075 805 1112 multo
829 1074 952 1126 magis
975 1074 1015 1111 in
1043 1073 1102 1111 his
1129 1073 1221 1124 ipsis

101 1127 365 1178 despiciendis,
386 1129 542 1167 eluceat.
584 1128 692 1166 Ordo
711 1136 855 1174 autem,
877 1137 913 1166 et
939 1127 1162 1174 constantia,
1182 1134 1221 1164 et

101 1181 322 1230 moderatio,
343 1190 381 1221 et
404 1196 447 1221 ea
472 1197 559 1234 quae
585 1192 673 1220 sunt
698 1183 757 1220 his
783 1183 936 1229 similia,
964 1189 1160 1220 versantur
1178 1181 1218 1218 in

100 1248 144 1273 eo
162 1248 312 1286 genere,
333 1236 382 1274 ad
401 1237 504 1288 quod
521 1237 739 1275 adhibenda
754 1247 809 1275 est
824 1238 920 1275 actio
936 1236 1128 1288 quaedam,
1142 1247 1218 1273 non

99 1290 224 1327 solum
242 1291 381 1329 mentis
399 1291 567 1342 agitatio.
600 1291 673 1329 His
694 1291 796 1329 enim
810 1293 937 1338 rebus,
954 1305 1042 1343 quae
1055 1298 1219 1327 tractan-

98 1351 161 1381 tur
179 1343 220 1382 in
239 1345 332 1391 vita,
353 1345 514 1383 modum
540 1345 748 1396 quemdam
775 1353 811 1384 01
836 1346 1010 1384 ordinem
1033 1344 1218 1382 3111111)οη-

98 1404 166 1444 teS,
186 1398 422 1437 honestatem
441 1408 479 1438 et
497 1399 611 1438 decus
629 1399 946 1438 conservabimus.

152 1451 233 1490 VI.
258 1452 323 1490 Ex
343 1461 507 1504 quatuor
531 1462 660 1492 autem
682 1454 817 1514 10015,
807 1467 847 1491 111
867 1468 962 1505 quos
980 1452 1130 1492 honesti
1148 1464 1217 1490 na-

99 1511 226 1544 turam
261 1507 417 1559 vimque
447 1508 659 1553 divisimus,
691 1508 839 1560 primus
866 1509 944 1557 ille,
975 1508 1043 1560 qui
1070 1507 1110 1545 in
1140 1506 1217 1546 veri

98 1560 312 1610 cognitione
341 1562 524 1610 consistit,
553 1563 725 1600 maxime
757 1573 935 1600 naturam
964 1562 1117 1613 attingit
1143 1562 1216 1599 hu-

96 1625 265 1652 manam.
307 1614 455 1654 Omnes
480 1617 583 1654 enim
613 1617 801 1654 trahimur
821 1626 857 1655 et
876 1617 1053 1655 ducimur
1082 1615 1130 1653 ad
1155 1627 1216 1653 co-

96 1667 278 1717 gnitionis
302 1678 339 1706 et
363 1670 527 1708 scientiae
551 1671 826 1721 cupiditatem,
856 1671 896 1708 in
929 1684 1008 1722 qua
1035 1670 1216 1709 excellere

97 1721 302 1771 pulchrum
339 1731 545 1775 putamus:
590 1725 668 1762 labi
702 1732 846 1771 autern,
881 1737 1018 1771 errare,
1057 1723 1213 1770 nescire,

96 1774 232 1826 decipi,
253 1786 290 1814 et
314 1778 464 1815 malum
489 1786 526 1816 et
551 1785 662 1829 turpe
687 1778 874 1816 ducimus.
906 1779 955 1816 In
973 1779 1045 1816 hoc
1063 1789 1213 1829 genere,

97 1835 135 1866 et
153 1830 318 1867 naturali
336 1839 374 1869 et
391 1831 562 1878 honesto,
579 1832 656 1870 duo
670 1832 763 1869 vitia
775 1832 930 1870 vitanda
944 1840 1052 1877 sunt;
1074 1844 1212 1877 unum,

97 1894 145 1920 ne
167 1883 360 1935 incognita
383 1898 453 1936 pro
478 1886 637 1936 cognitis
661 1886 884 1933 habeamus,
911 1886 1047 1938 hisque
1072 1894 1213 1924 temere

97 1938 368 1976 assentiamur:
396 1939 500 1990 quod
516 1940 650 1978 vitium
665 1940 830 1991 effugere
848 1940 917 1992 qui
935 1941 1047 1986 volet,
1065 1942 1213 1981 (omnes

96 1998 226 2029 autem
245 1992 341 2031 velle
359 1992 514 2041 debent)
535 1993 744 2042 adhibebit,
764 1994 814 2032 ad
832 1993 1118 2033 considerandas
1136 2006 1210 2039 res,

98 2043 136 2082 et
153 2052 305 2097 tempus
325 2054 362 2085 et
381 2047 631 2098 diligentiam.
659 2049 843 2087 Alterum
862 2056 917 2087 est
935 2047 1086 2095 vitium,
1106 2046 1212 2099 quod

96 2099 257 2150 quidam
274 2100 390 2139 nimis
407 2114 595 2153 magnum
613 2102 784 2141 studium
797 2103 1039 2154 multamque
1056 2114 1212 2153 operam

95 2151 137 2190 in
154 2166 214 2192 res
233 2155 410 2194 obscuras
428 2163 544 2208 atque
562 2157 732 2196 difficiles
751 2157 963 2203 conferunt,
984 2155 1213 2207 easdemque

95 2218 172 2245 non
204 2209 451 2248 110005531135;
481 2210 623 2262 quibus
652 2211 754 2252 vitiis
780 2210 990 2262 declinatis,
1021 2209 1139 2263 quod,
1170 2209 1212 2247 in

149 2262 319 2304 (Philus
326 2270 341 2313 )
360 2275 466 2304 voL.
488 2276 551 2304 IV.
877 2275 906 2305 'r
