1470 2402
231 101 310 144 DE
338 100 761 151 DIVINATIONE,
777 101 877 141 LIB.
895 103 930 142 Ι.
945 103 1051 145 CAP.
1071 106 1138 151 27.
1195 108 1249 146 23

176 210 340 252 XXVI.
370 211 447 251 Sed
478 210 574 264 quid
605 224 677 263 ego
711 211 967 251 Graecorum?
996 213 1138 253 Nescio
1168 229 1249 267 quo

120 267 237 307 modo
254 280 319 306 me
335 266 459 318 magis
478 274 607 305 nostra
624 266 824 305 delectant.
869 267 1018 307 Omnes
1038 268 1111 308 hoc
1129 269 1249 309 histo„

122 322 205 370 rici,
226 321 353 368 Fabii,
376 321 508 367 Gellii,
529 320 595 359 sed
619 321 796 372 proxime
819 320 973 362 Coelius.
1018 322 1121 362 Cum
1147 325 1250 363 bello

122 376 266 416 Latino
283 375 367 414 ludi
384 375 503 414 votivi
520 374 684 413 maximi
702 375 871 427 primum
888 377 1034 423 fierent,
1049 378 1179 417 civitas
1199 379 1249 418 ad

121 443 231 470 arma
247 437 403 492 repente
422 437 478 469 est
497 430 671 469 excitata.
713 430 867 482 Itaque,
887 431 988 470 ludis
1007 431 1245 483 intermissis,

118 485 358 525 instaurativi
385 484 581 524 constituti
608 492 722 523 511111.
761 485 830 537 qui
857 494 1066 538 antequam
1096 486 1245 536 fierent,

115 552 285 592 cumque
300 541 383 590 jam
401 539 569 593 populus
583 538 823 588 consedisset,
841 553 970 579 servus
989 554 1058 592 per
1084 540 1244 590 circum,

114 607 204 635 cum
219 594 335 646 virgis
349 594 569 642 caederetur,
583 593 732 632 furcam
744 593 883 642 ferens,
899 595 1037 634 ductus
1049 604 1116 634 est.
1137 595 1246 635 Exin

115 649 270 690 cuidam
295 649 435 688 rustico
462 649 642 687 Romano
661 649 866 688 dormienti
892 649 995 688 visus
1015 658 1070 689 est
1097 651 1241 700 venire,

115 704 185 756 qui
212 703 366 752 diceret,
398 703 662 766 praesultorem
693 703 765 742 sibi
794 716 872 742 non
901 705 1088 756 placuisse
1115 705 1245 751 111(115·

115 758 234 811 idque
258 760 307 797 ab
326 758 491 797 eodem'
477 771 629 808 jussum
657 771 735 797 esse
755 771 844 796 eum
871 760 1020 797 senatui
1039 760 1242 799 nuntiare:

114 813 229 852 illum
248 825 326 852 non
346 826 426 852 esse
444 825 596 851 ausum.
639 813 789 851 Iterum
809 826 888 852 esse
914 813 1018 852 idem
1037 814 1179 862 visum,
1208 822 1246 854 et

112 867 323 916 monitum,
335 880 385 906 ne
403 866 484 905 vim
503 880 614 905 suam
634 867 798 919 experiri
817 868 953 906 vzellet
985 881 1033 906 ne
1052 876 1137 906 tum
1157 869 1245 921 qui-

113 922 206 961 dem
224 935 303 961 0556
327 934 479 960 311511111.
522 920 630 960 Exin
655 921 782 960 filium
807 923 890 972 ejus
919 936 998 961 6556
1016 932 1242 962 mortuum:

113 977 291 1016 mmdem
321 976 365 1015 in
395 975 540 1014 somnis
573 975 874 1014 admonitionem
910 976 1027 1015 fuisse
1064 978 1243 1017 tertiam.

114 1037 200 1070 tum
229 1031 343 1070 illum
373 1030 504 1079 etiam,
535 1029 702 1068 debilem
730 1029 891 1079 factum,
915 1043 999 1069 rem
1028 1031 1077 1069 ad
1103 1032 1246 1072 amicos

112 1085 307 1134 detulisse,
336 1097 503 1137 quorum
535 1083 582 1122 de
610 1085 797 1123 sententia
824 1084 1000 1123 lecticula
1029 1086 1070 1124 in
1097 1087 1245 1126 curiam

112 1153 192 1180 aese
217 1140 415 1185 delatum;
447 1152 614 1190 cumque
640 1139 789 1177 senatui
814 1139 1009 1178 somnium
1036 1142 1246 1180 6113113115-

110 1202 181 1243 561,
202 1195 366 1247 pedibus
391 1193 469 1232 suis
495 1193 658 1232 domum
677 1194 884 1232 revertisse.
919 1194 1073 1246 Itaque,
1095 1197 1244 1235 somnio

111 1251 361 1312 comprobato
380 1261 404 1287 a
428 1256 576 1296 senatu,
597 1248 710 1286 ludos
735 1248 821 1287 11105
840 1248 980 1287 116111111
1000 1250 1245 1298 instauratos,

109 1304 308 1344 memoriae
335 1303 534 1355 proditum
566 1310 634 1341 est.
689 1302 734 1341 C.
762 1316 851 1342 vero
877 1303 1074 1343 Gracchus
1107 1306 1243 1344 multis

109 1359 224 1407 dixit,
240 1361 303 1403 (ut
317 1358 502 1410 scriptum
517 1357 622 1410 apud
642 1357 823 1396 eumdem
839 1357 1006 1396 Coelium
1022 1366 1093 1405 est)
1110 1359 1212 1398 sibi
1201 1372 1243 1399 m

109 1413 269 1463 somnis,
290 1420 525 1465 quaesturam
550 1412 710 1464 petenti,
732 1412 797 1450 Ti.
824 1412 983 1451 fratrem
1008 1413 1136 1452 visum
1163 1428 1243 1454 esse

109 1468 248 1517 dicere,
274 1481 396 1521 quam
425 1467 539 1506 vellet
566 1474 821 1515 cunctaretur,
849 1475 980 1506 tamen
1009 1468 1142 1507 eodem
1170 1469 1243 1508 sibi

108 1521 200 1572 lem,
222 1536 300 1576 quo
316 1523 398 1575 ipse
416 1522 620 1570 interisset,
639 1535 716 1560 esse
731 1521 984 1573 pereundum.
1015 1522 1118 1572 Hoc,
1135 1531 1243 1562 ante-

111 1591 233 1631 quam
251 1578 430 1616 tribunus
455 1576 561 1629 plebi
580 1576 625 1616 C.
649 1576 846 1615 Gracchus
865 1576 988 1615 factus
1007 1586 1117 1625 esset,
1139 1586 1177 1616 et
1202 1591 1242 1631 se

111 1633 265 1672 audisse
283 1632 413 1671 scribit
432 1631 590 1680 Coelius,
611 1638 649 1670 et
673 1631 814 1670 dixisse
832 1631 978 1670 multis.
1021 1631 1114 1680 Quo
1140 1645 1243 1672 som-

110 1687 176 1727 nio
191 1687 314 1738 quid'
303 1685 466 1725 inveniri
484 1694 607 1738 Ρο1051
626 1686 792 1725 certius?

165 1741 354 1781 XXVII.
385 1740 526 1789 Quid?
554 1741 624 1779 illa
638 1740 716 1779 duo
734 1739 897 1802 somnia,
913 1753 1002 1792 quae
1016 1740 1243 1781 creberrime

114 1802 466 1837 commemorantur
493 1808 517 1833 a
535 1795 686 1843 Stoicis,
707 1795 794 1846 quis
819 1794 977 1833 tandem
1003 1802 1128 1847 potest
1152 1809 1244 1835 con-

110 1853 314 1891 temnere?
343 1862 470 1888 unum
502 1848 551 1887 de
583 1849 796 1897 Simonide,
827 1849 911 1901 qui,
941 1861 1031 1888 cum
1063 1850 1241 1901 ignotum

110 1905 322 1968 quemdam
340 1905 556 1956 projectum
574 1911 775 1942 mortuum
794 1902 962 1952 vidisset,
982 1916 1151 1956 eumque
1168 1905 1245 1944 hu-

108 1960 303 2008 mavisset‚
329 1959 564 2011 haberetque
588 1958 631 1997 in
657 1958 787 1997 animo
811 1970 951 1997 navem
978 1959 1242 2009 conscendere,

110 2014 262 2056 moneri
280 2014 384 2053 visus
403 2021 473 2075 051,
500 2025 549 2052 116
573 2012 615 2051 id
632 2011 786 2062 faceret,
806 2014 856 2052 ab
882 2026 941 2061 eo,
969 2026 1087 2066 quem
1114 2015 1243 2066 sepul-

110 2069 200 2109 tura
213 2069 413 2108 affecerat:
444 2068 476 2106 51
488 2067 718 2119 navigasset,
733 2080 823 2106 eum
841 2067 1044 2120 naufragio
1063 2081 1142 2106 0556
1155 2082 1243 2120 pei·-

109 2125 283 2164 iturum:
325 2122 456 2174 itaque
484 2121 726 2161 Simonidem
753 2122 920 2162 redisse:
958 2123 1104 2175 perisse
1130 2130 1242 2162 caete-

109 2191 184 2227 ros,
204 2177 274 2231 qui
291 2183 378 2216 tum
396 2177 652 2228 navigassent.

162 2232 346 2272 Altenim
358 2231 414 2271 ita
426 2231 628 2281 traditum,
641 2231 790 2270 clarum
803 2230 1015 2271 admodum
1028 2231 1237 2273 somnium.
