1470 2402
238 78 318 125 DE
346 79 608 129 OFFICIIS,
629 79 730 119 11113.
752 79 836 119 111.
867 78 972 119 CAP.
992 81 1032 117 2
1115 77 1191 124 291,

73 184 170 227 tudo
189 199 279 226 cum
297 188 366 227 ina
377 189 633 240 comparanda
644 196 711 233 est»
741 189 816 227 me
827 188 945 236 enim,
958 186 1196 239 requiescens

73 253 99 283 a
116 239 335 292 reipuincae
352 243 619 295 pulcherrimis
637 243 876 291 muneribus,
896 243 1020 285 otium
1039 241 1112 280 sibi
1131 253 1195 278 su-.

75 296 206 333 mebat
224 296 456 350 aliquando;
487 306 524 336 et
538 312 560 335 a
573 305 669 336 coetu
688 297 891 336 hominum
905 295 1198 347 frequentiaque

73 346 284 400 interdum,
305 359 506 403 tamquam
524 352 565 389 in
580 359 749 403 portum,
764 365 803 390 se
819 351 861 389 in
876 350 1120 388 solitudinem
1139 361 1197 386 re-

75 401 251 453 cipiebat.
281 406 471 444 Nostrum
491 414 622 444 autem
646 406 770 445 otium
794 405 937 457 negotii
955 404 1099 455 inopia,
1119 414 1198 440 non

74 457 335 508 requiescendi
353 460 493 509 studio,
510 460 760 499 constitutum
779 468 844 499 est.
874 459 1077 497 Exstincto
1092 456 1197 498 enim

76 519 226 561 senatu,
253 514 464 567 deletisque
488 514 655 564 judiciis,
684 514 778 567 quid
804 521 873 562 est,
900 513 1004 574 quod
1033 512 1198 563 dignum

76 566 188 605 nobis
206 576 274 609 aut
291 569 330 607 in
351 569 458 608 curia
477 577 544 607 aut
568 569 609 607 in
634 568 716 607 foro
735 582 845 620 agere
863 567 1085 629 possimus?
1117 565 1198 603 Ita-

75 631 167 670 que,
189 623 257 673 qui
275 622 316 661 in
335 622 507 662 maxima
519 623 733 662 celebritate
744 631 860 675 atque
871 622 911 660 in
927 622 1045 660 oculis
1057 619 1201 659 civium

76 676 275 725 quondam
293 677 476 727 viximus,
496 691 600 716 nunc
618 678 808 729 fugientes
822 686 1068 728 conspectum
1087 673 1202 714 scele—

77 736 263 779 ratorum,
303 733 444 783 quibus
477 733 607 771 omnia
640 731 869 779 redundant,
908 730 1086 769 abdimus
1115 741 1199 776 nos,

75 794 269 833 quantum
287 786 388 835 licet,
411 795 448 825 et
466 800 565 838 saepe
584 786 654 826 soli
673 799 818 831 sumus.
859 785 949 832 Sed,
970 784 1062 838 quia
1080 783 1132 822 sic
1152 783 1201 821 ab

77 836 299 878 hominibus
329 840 449 879 doctis
481 841 711 893 accepimus,
742 853 820 879 non
850 839 976 878 solum
1009 852 1058 877 ex
1087 836 1201 875 malis

76 891 216 954 eligere
236 895 399 933 minima
417 903 602 947 oportere,
623 895 689 934 sed
708 895 824 934 etiam
849 906 1048 946 excerpere
1073 905 1121 930 ex
1139 891 1200 930 his

77 945 185 997 ipsis,
207 949 239 987 si
265 949 360 1001 quid
384 950 523 988 inesset
540 950 657 995 boni3
688 957 888 1001 propterea
912 955 950 986 et
974 947 1051 986 otio
1079 946 1201 995 fruor,

76 1012 157 1038 non
175 1002 243 1041 illo
262 1003 434 1066 quidem,
455 1017 533 1056 quo
558 1004 694 1042 debeat
720 1004 752 1042 is
777 1003 846 1055 qui
871 1002 1067 1055 quondam
1086 1013 1202 1052 pepe-

75 1054 185 1094 risset
204 1057 327 1100 otium
346 1058 514 1104 civitati;
545 1071 614 1097 nec
640 1070 725 1096 eam
748 1057 995 1096 solitudinem
1020 1057 1203 1106 languere

77 1110 216 1160 patior,
237 1125 356 1164 quam
374 1112 473 1150 mihi
492 1112 601 1150 affert
619 1112 832 1160 necessitas,
849 1124 927 1149 non
946 1111 1134 1149 voluntas.

134 1164 388 1218 Quamquam
406 1167 616 1206 Africanus
641 1167 828 1216 majorem
854 1165 1011 1203 laudem
1031 1165 1092 1203 vel
1116 1176 1204 1202 meo

73 1218 220 1267 judicio
239 1223 534 1273 assequebatur:
564 1221 673 1259 nulla
692 1221 795 1259 enim
811 1221 893 1270 ejus
918 1219 1063 1271 ingenii
1082 1218 1208 1256 moni-

79 1282 212 1312 menta
243 1275 426 1315 mandata
454 1276 587 1323 literis,
621 1275 776 1312 nullum
808 1287 905 1326 opus
938 1273 1019 1322 otii,
1051 1273 1208 1311 nullum

79 1328 296 1367 solitudinis
331 1343 476 1367 munus
513 1336 660 1367 exstat:
692 1341 740 1366 ex
777 1341 855 1379 quo
887 1327 1051 1379 intelligi
1079 1327 1206 1376 debet,
1230 1335 1233 1336 ’

80 1381 196 1426 illum
232 1383 371 1422 mentis
408 1383 629 1434 agitatione,
667 1382 1034 1433 investigationeque
1074 1394 1208 1424 earum

81 1448 212 1474 rerum
245 1450 341 1488 quas
370 1436 572 1488 cogitando
601 1438 916 1487 consequebatur,
945 1449 1016 1474 nec
1043 1436 1209 1482 otiosum

83 1502 154 1528 nec
172 1490 298 1529 solum
317 1504 492 1543 unquam
509 1490 638 1529 fuisse.
668 1491 752 1529 Nos
772 1497 916 1539 autem,
937 1490 1006 1542 qui
1028 1502 1106 1528 non
1124 1498 1210 1528 tan-

84 1551 172 1582 tum
190 1545 334 1583 roboris
352 1546 553 1592 habemus,
574 1552 620 1583 ut
645 1544 872 1596 cogitatione
893 1544 1009 1583 tacita
1034 1557 1058 1582 a
1076 1544 1209 1582 solitu-

84 1598 176 1637 dine
201 1599 482 1648 abstrahamur,
503 1599 553 1637 ad
578 1599 678 1637 hanc
705 1598 891 1637 scribendi
916 1611 1072 1650 operam
1096 1611 1211 1645 omne

84 1653 260 1692 studium
278 1666 487 1705 curamque
505 1653 773 1691 convertimus.
817 1653 956 1704 Itaque
974 1652 1087 1704 plura
1104 1652 1212 1698 brevi

86 1714 272 1759 tempore,
286 1708 429 1757 eversa,
445 1720 566 1761 quam
578 1707 712 1746 multis
724 1706 847 1757 annis,
861 1715 985 1745 stante
998 1707 1209 1759 republica,

89 1762 323 1813 scripsimus.

144 1815 204 1854 Π.
233 1816 323 1865 Sed,
351 1829 441 1855 cum
465 1823 546 1855 tota
569 1815 824 1878 philosophia,
848 1815 905 1854 mi
924 1815 1071 1865 Cicero,
1091 1815 1214 1868 frugi-

89 1870 172 1910 fera
185 1878 222 1909 et
240 1870 448 1919 fructuosa,
469 1883 538 1909 nec
552 1871 634 1909 ulla
647 1883 734 1922 pars
753 1871 836 1920 ejus
848 1869 994 1908 inculta
1011 1883 1054 1909 ac
1068 1870 1215 1913 deserta

89 1926 164 1972 sit3
195 1932 280 1964 tum
300 1925 431 1964 nullus
448 1924 640 1964 feracior
630 1938 672 1963 m
691 1938 736 1963 ea
753 1925 858 1962 lecus
884 1932 940 1962 est
961 1937 1031 1963 nec
1048 1925 1215 1975 uberior,

91 1993 212 2032 quam
237 1979 285 2017 de
303 1979 448 2028 officiis,
477 1993 500 2017 a
519 1980 660 2031 quibus
679 1986 892 2018 constanter
909 1978 1142 2032 honesteque
1160 1981 1217 2019 vi-

92 2034 207 2073 vendi
220 2041 409 2085 praecepta
423 2033 628 2072 ducuntur.
659 2034 805 2082 Quare,
826 2045 1065 2085 quamquam
1080 2047 1103 2072 a
1122 2034 1217 2077 Cra-

92 2088 201 2140 tippo
230 2095 373 2137 nostro,
404 2088 575 2140 principe
601 2087 719 2137 hujus
747 2087 944 2126 memoriae
971 2088 1218 2140 philosopho-

93 2155 198 2192 rum,
227 2142 309 2181 haec
333 2150 372 2181 te
395 2142 545 2182 assidue
569 2142 701 2181 audire
723 2149 838 2193 atque
857 2142 1024 2193 accipere
1041 2143 1217 2190 confid03

96 2204 228 2239 tamen
254 2196 464 2243 mnducere
482 2196 657 2247 arbitror,
677 2197 818 2243 talibus
837 2209 947 2241 aures
965 2203 1051 2241 tuas
1069 2198 1225 2241 vocibus
