1470 2402
495 118 907 160 PHAENOMENA.
1183 119 1262 163 457

141 228 333 268 Nondum
352 236 434 268 tota
451 236 558 281 patet
574 245 585 268 ε
615 243 709 268 nam
729 229 893 268 caudam
913 227 1081 280 contegit
1098 228 1253 266 umbra.

141 283 237 322 Jam
257 283 440 323 dextrum
457 296 596 336 genus,
616 292 653 323 et
672 284 890 323 decoratam
910 283 1060 321 lumine
1081 294 1229 329 suram,

143 337 274 389 Erigit
291 338 372 386 ille,
391 351 530 377 vacans
547 338 705 390 vulgato
720 338 891 385 nomine,
914 338 1060 380 Nixus,
1191 336 1272 375 403

146 391 230 440 Qui
250 392 358 432 Fidis
376 393 576 432 Arcadicae
595 406 745 445 semper
763 392 928 431 confinia
947 392 1069 444 tangit
1085 406 1098 438 ς

147 446 280 494 Quem
299 455 408 486 nocte
427 448 658 486 exstinctum
671 455 787 499 atque
802 454 979 486 exortum
1000 447 1168 485 vidimus
1180 443 1274 495 unzi,

148 501 326 553 Persaepe
344 510 388 540 ut
406 515 571 554 parvum
590 509 746 540 tranans
765 501 1016 553 geminaverit
1035 503 1181 539 orbem.

149 555 229 594 Hic
248 569 371 607 genus
391 563 429 595 et
448 569 578 595 suram
598 569 687 595 cum
709 556 843 596 Chelis
862 555 973 607 erigit
991 556 1092 594 alte:

149 609 241 661 Ipse
259 618 389 649 autem
407 624 575 662 praeceps
589 611 751 650 obscura
765 618 875 649 nocte
893 618 1058 658 tenetur,

148 663 261 702 Dum
282 665 397 716 Nepa
416 673 453 704 et
474 665 698 704 Arcitenens
717 665 883 703 invisant
901 664 1053 703 lumina
1071 664 1181 709 coeli3

150 719 259 757 Nam
280 732 409 758 secum
424 720 598 758 medium
614 720 758 772 pandet
778 720 918 772 Nepa;
941 719 1074 758 tollere
1093 732 1181 758 vero
1197 718 1277 757 410

151 771 200 810 In
221 774 360 812 coelum
380 782 506 813 totum
526 776 699 813 exoriens
719 775 918 813 conabitur
937 774 1077 812 Arcus.

151 827 246 874 Hic,
267 829 391 867 tribus
411 829 533 868 elatus
553 842 642 867 cum
662 829 796 881 signis,
817 841 972 880 corpore
991 836 1071 867 toto

152 881 303 927 Lucet;
333 891 373 922 at
392 884 562 922 exoritur
579 883 708 922 media
727 883 775 922 de
794 890 901 936 parte
920 883 1072 921 Corona
1088 896 1100 928 3

151 936 364 990 Caudaque
384 938 568 976 Centauri
587 946 759 977 extremo
777 937 940 977 candore
958 937 1136 988 refulget.
1201 936 1281 975 414

154 991 236 1030 Hic
255 1005 294 1031 se
309 994 394 1042 jam
413 999 540 1030 totum
561 1006 677 1031 caecas
695 993 836 1045 Equus
856 991 963 1031 abdit
981 991 1021 1029 in
1040 993 1213 1040 umbras,

152 1045 284 1094 Quem
304 1047 422 1085 rutila
439 1046 594 1098 fulgens
612 1047 749 1099 pluma
768 1046 1009 1099 praetervolat
1026 1046 1137 1084 Ales.

153 1100 306 1140 Occidit
325 1101 588 1140 Andromedae
610 1103 756 1140 clarum
779 1108 922 1152 caput;
955 1108 992 1139 et
1010 1100 1091 1138 fera
1111 1099 1257 1139 Pistrix

152 1155 333 1203 Labitur,
354 1155 554 1194 horribiles
573 1156 706 1208 epulas
725 1156 878 1194 funesta
895 1155 1104 1206 requirens.

154 1209 272 1249 Hanc
291 1220 423 1249 contra
444 1210 623 1262 Cepheus
642 1223 719 1248 non
740 1218 858 1249 cessat
876 1210 1031 1248 tendere
1050 1209 1212 1261 palmas.

154 1263 233 1303 Illa
254 1278 376 1317 usque
395 1265 445 1303 ad
464 1266 615 1317 spinam
635 1277 813 1317 mergens
826 1278 865 1303 se
877 1264 1020 1302 coerula
1032 1264 1171 1302 condit.
1204 1265 1285 1303 420

155 1321 216 1358 At
237 1318 417 1372 Cepheus
436 1327 552 1372 caput
571 1327 687 1372 atque
705 1319 902 1367 humeros,
923 1319 1163 1371 palmasque,
1178 1318 1287 1358 recli-

318 1381 398 1412 nat.

155 1429 260 1468 Cum
279 1441 368 1468 vero
387 1429 444 1468 vis
464 1436 520 1468 est
540 1429 745 1468 vehemens
764 1435 896 1467 exorta
915 1428 956 1467 N
959 1429 1060 1480 epa'i,

158 1485 259 1523 Late
279 1483 367 1522 fusa
385 1484 518 1523 volans
535 1484 577 1522 in
597 1491 716 1522 terras
733 1483 878 1522 labitur
896 1482 1028 1528 unda;

157 1539 364 1590 Orionque
380 1546 488 1576 metu
506 1539 706 1590 perculsus
725 1537 902 1577 conditur
921 1537 1013 1576 una.

157 1594 275 1639 Pace,
294 1593 414 1642 hujus
430 1593 543 1632 liceat
562 1606 718 1632 causam
737 1592 964 1645 explicuisse
983 1592 1144 1640 timoris,
1206 1592 1286 1630 425

158 1648 298 1700 Virgo,
318 1647 414 1686 tua:
444 1647 557 1695 mihi,
578 1660 722 1700 quaeso,
743 1648 831 1686 veni
850 1647 1014 1699 placata,
1037 1647 1177 1685 Diana.

159 1702 201 1741 H
206 1716 259 1741 aec
277 1702 384 1741 fama
403 1710 459 1741 est
478 1702 683 1742 hominum
698 1717 710 1750 ;
740 1702 822 1741 haec
837 1715 904 1754 per
918 1709 1035 1741 terras
1050 1702 1155 1740 fama
1174 1714 1291 1753 vaga-

321 1764 387 1796 tur
399 1771 412 1803 ;

156 1812 216 1851 Ut
234 1812 433 1864 quondam
451 1811 576 1852 Orion
594 1811 776 1851 manibus
795 1812 958 1851 xiolasse
976 1810 1149 1849 Dianam

158 1866 328 1914 Dicitur,
349 1866 507 1906 excelsis
526 1880 655 1906 errans
674 1867 715 1905 in
735 1867 896 1906 collibus
915 1878 1062 1913 amens,

159 1921 272 1970 Quos
291 1928 396 1960 tenet
415 1922 554 1973 AEgaeo
573 1921 702 1960 defixa
719 1921 760 1959 in
779 1921 931 1973 gurgite
951 1920 1090 1968 Chius,
1207 1920 1290 1960 480

162 1976 354 2015 Bacchica
372 1989 493 2029 quam
512 1976 624 2015 viridi
643 1976 827 2015 convestit
846 1975 1016 2027 tegmine
1034 1975 1122 2014 vitis
1138 1989 1150 2014 z

160 2031 236 2070 Ille
255 2030 354 2070 feras
373 2044 502 2070 vecors
519 2031 666 2070 amenti
684 2030 796 2070 corde
814 2031 989 2078 necabat,

161 2085 395 2138 OEnopionis
414 2099 530 2124 avens
548 2086 681 2138 epulas
700 2097 835 2124 ornare
852 2085 1028 2124 nitentes.

160 2140 218 2179 At
237 2153 340 2188 verO,
360 2140 523 2192 pedibus
541 2140 668 2179 subito
686 2139 863 2192 perculsa
880 2139 1035 2188 Dianae,

159 2193 295 2234 Insula
312 2194 508 2242 discoesit3
539 2195 773 2247 disjectaque
790 2207 885 2233 saxa
902 2194 1089 2233 revellens
1158 2230 1166 2237 χ,
1209 2195 1289 2233 435

158 2249 343 2296 Perculit,
364 2256 402 2288 et
420 2261 536 2288 caecas
552 2249 732 2289 lustravit
748 2249 835 2289 luce
852 2248 1009 2289 lacunas
1024 2261 1038 2294 3

209 2305 403 2353 (Philos.)
427 2315 533 2343 vm..
562 2315 626 2342 lv.
963 2304 988 2342 2
1008 2313 1039 2341 a
