1470 2402
219 103 272 142 46
317 101 396 143 DE
421 101 839 155 DIVINATIONE,
860 103 961 147 Lm.
981 103 1016 144 1.
1036 103 1142 144 Cn.
1162 105 1227 144 52.

217 209 313 251 cide.
342 211 473 260 Quam
493 213 524 251 si
542 213 771 263 obtinemus,
791 213 904 252 stabit
917 211 1015 251 illud
1033 211 1204 264 quidem,
1223 211 1329 264 quod

217 265 347 303 locum
364 267 467 305 hunc
486 268 665 316 eontinet,
686 267 733 305 de
751 281 828 319 quo
846 268 1010 319 agimus,
1029 266 1125 305 Esse
1143 265 1261 314 Deos,
1291 272 1330 305 et

217 332 350 357 eorum
370 321 606 371 providenti&
617 322 807 360 mundum
821 320 1089 370 administrari,
1103 320 1330 372 eosdemque

219 375 414 413 consulere
442 378 554 414 rebus
578 376 771 424 humanis,
797 388 867 414 nec
890 375 1014 414 solum
1041 373 1238 422 universis,
1265 386 1331 412 ve-

218 440 307 465 rum
326 428 440 466 etiam
459 429 628 480 singulis.
659 430 757 468 Haec
775 430 805 468 si
825 438 1009 477 tenemus,
1023 442 1109 480 quae
1127 428 1224 466 mihi
1243 427 1330 479 qui-

218 481 307 519 dem
321 495 397 520 non
417 482 591 522 videntur
609 497 716 535 posse
728 483 912 530 conveIJi;
933 482 1098 534 profecto
1112 482 1333 520 hominibus

220 548 243 572 a
262 535 348 574 Diis
365 536 496 574 futura
514 538 728 588 significari,
745 550 893 576 necesse
912 544 977 576 est.
1007 536 1083 575 Sed
1095 535 1331 587 distinguen-

220 588 315 627 dum
335 590 497 640 videtur,
514 605 681 643 quonam
696 591 822 630 modo.

276 643 371 681 LII.
408 644 515 682 Nam
544 658 620 683 non
649 646 772 696 placet
801 644 950 694 Sto‘1'cis,
980 643 1137 695 singulis
1161 644 1334 694 jecorum

221 697 331 744 fissis,
359 705 425 735 aut
455 699 584 736 avium
612 699 797 746 cantibus,
823 699 998 737 interesse
1022 698 1178 736 Deum:
1208 709 1333 749 neque

222 751 327 788 enim
349 751 528 790 decorum
560 760 628 801 est,
649 765 718 791 nec
743 752 829 791 Diis
854 753 1030 803 dignum,
1050 764 1120 790 nec
1148 751 1231 790 fieri
1252 752 1334 789 ullo

223 813 333 855 pacto
344 812 466 856 potest
482 821 492 843 :
523 807 588 844 sed
602 807 655 844 ita
667 820 689 844 a
699 807 884 858 principio
897 805 1116 844 inchoatum
1129 818 1207 844 aese
1219 816 1335 843 mun-

223 858 333 906 dum,
349 867 393 896 ut
407 860 514 898 certis
529 862 640 899 rebus
658 868 758 899 certa
776 861 883 912 signa
902 865 1186 912 praecurrerent‚
1202 859 1277 897 alia
1294 858 1336 896 111

223 912 334 961 extis,
355 913 429 951 alia
447 914 486 951 in
506 915 652 962 avibus,
669 914 743 952 alia
760 914 800 952 in
814 914 1045 966 fulguribus,
1066 913 1141 951 alia
1153 913 1194 951 111
1212 920 1337 951 osten-

224 966 286 1014 tis,
314 966 389 1004 alia
412 967 452 1005 in
479 969 610 1016 stellis,
630 969 706 1006 alia
723 968 763 1006 in
789 968 1062 1006 somniantium
1081 967 1183 1016 visis,
1203 967 1278 1005 alia
1295 966 1338 1004 in

225 1020 435 1058 furentium
454 1022 619 1060 vocibus.
648 1023 710 1061 Ea
728 1022 867 1073 quibus
885 1024 982 1060 bene
999 1028 1175 1073 percepta
1194 1028 1296 1069 sunt,
1309 1020 1338 1058 ii

224 1086 302 1112 non
322 1087 419 1126 saepe
437 1075 635 1114 falluntur.
683 1076 792 1114 Male
817 1077 998 1125 conjecta,
1022 1075 1199 1126 maleque
1220 1074 1339 1113 inter-

224 1135 384 1180 pretata,
404 1128 499 1167 falsa
517 1138 619 1178 sunt,
639 1142 716 1168 non
734 1142 861 1168 rerum
881 1129 986 1178 vitio,
1006 1128 1071 1167 sed
1088 1128 1339 1179 interpretum

224 1182 432 1220 inscientia
476 1183 564 1222 Hoc
596 1191 724 1222 autem
749 1183 870 1235 posito
902 1190 1017 1234 atque
1043 1195 1230 1230 concesso,
1260 1195 1339 1222 esse

226 1236 437 1288 quamdam
466 1237 546 1275 vim
575 1237 759 1286 divinam,
786 1237 989 1275 hominum
1007 1236 1125 1274 vitam
1144 1236 1339 1274 continen-

227 1298 334 1336 tem3
365 1303 442 1328 non
464 1291 615 1329 difficile
639 1298 708 1338 est,
732 1304 819 1342 quae
846 1291 928 1329 fieri
953 1297 1051 1329 certe
1079 1289 1266 1338 videmus,
1293 1303 1338 1329 ea

228 1344 307 1394 quii
325 1344 469 1382 ratione
488 1345 597 1393 fiant,
619 1345 810 1396 suspicari.
841 1345 946 1383 Nam
969 1352 1006 1383 et
1023 1343 1071 1382 ad
1090 1343 1254 1382 hostiam
1273 1343 1340 1382 de-

227 1398 421 1448 ligendam
440 1406 562 1449 potest
580 1399 660 1437 dux
680 1412 757 1437 esse
775 1399 831 1437 vis
855 1397 1031 1450 quaedam
1051 1398 1227 1445 sentiens,
1251 1411 1339 1449 quae

229 1459 284 1489 est
303 1459 384 1490 toto
404 1452 559 1491 confusa
572 1453 741 1491 mundo:
773 1460 809 1491 et
827 1459 925 1501 tum,
952 1452 1075 1503 ipsam
1093 1464 1183 1490 cum
1201 1451 1340 1490 immo-

227 1505 306 1543 lare
331 1506 436 1554 velis,
458 1515 632 1545 extorum
651 1507 731 1545 fieri
749 1507 910 1544 mutatio
928 1513 1064 1557 potest,
1084 1512 1129 1543 ut
1152 1512 1220 1544 aut
1241 1505 1340 1544 absit

226 1559 388 1611 aliquid,
418 1567 485 1598 aut
512 1561 696 1612 supersit;
726 1560 850 1612 panis
875 1560 977 1598 enim
996 1559 1199 1597 momentis
1217 1559 1341 1597 multa

227 1620 365 1651 natura
383 1622 450 1652 aut
468 1615 628 1665 affingit,
649 1622 716 1652 aut
733 1621 871 1662 mutat,
891 1620 958 1652 aut
976 1613 1151 1651 detrahit.

281 1667 398 1715 Quod
417 1680 465 1706 ne
484 1669 656 1707 dubitare
670 1669 871 1730 possimus,
884 1667 1054 1705 maximo
1070 1675 1124 1705 est
1138 1678 1341 1728 argumen-

227 1727 281 1768 to,
307 1722 411 1772 quod
428 1722 544 1773 paulo
562 1730 649 1760 ante
668 1723 864 1761 interitum
885 1721 1042 1760 Caesaris
1060 1721 1242 1772 contigit;
1272 1721 1340 1772 qui

227 1788 317 1812 cum
337 1775 552 1814 immolaret
577 1777 643 1814 illo
663 1776 736 1825 (118,
758 1789 835 1828 quo
853 1775 1023 1836 primutn
1050 1775 1091 1812 in
1113 1775 1205 1813 sella
1224 1774 1341 1813 aurea

227 1828 337 1876 sedit,
359 1837 395 1867 et
414 1842 502 1867 cum
520 1843 712 1881 purpurea
730 1839 831 1868 veste
848 1829 1037 1891 processit,
1058 1829 1098 1866 in
1121 1828 1217 1867 extis
1235 1828 1342 1867 bovis

227 1883 348 1933 opimi
370 1896 432 1921 cor
450 1896 526 1921 non
544 1883 629 1921 fuit.
675 1884 804 1928 (Num
822 1884 938 1935 igitur
956 1895 1082 1921 censes
1106 1883 1233 1920 ullum
1259 1882 1342 1920 ani-

228 1936 321 1984 mal,
343 1937 446 1988 quod
466 1938 689 1988 sanguinem
708 1938 859 1986 habeat,
873 1938 953 1976 sine
967 1936 1076 1975 corde
1088 1949 1166 1974 esse
1179 1949 1287 1987 posse
1303 1938 1341 1984 ἲ)

229 1989 322 2037 Qua
333 1990 397 2028 ille
412 1991 464 2028 rei
477 1992 641 2029 novitate
652 2005 863 2042 percussus,
879 2004 968 2030 cum
983 1990 1176 2042 Spurinna
1189 1989 1341 2037 diceret,

229 2043 445 2082 timendum
464 2058 556 2094 esse,
576 2058 624 2083 ne
643 2056 680 2084 et
698 2046 898 2084 consilium
913 2053 950 2084 et
968 2044 1046 2082 vita
1059 2043 1258 2088 deficeret;
1279 2056 1343 2081 ea-

228 2109 317 2135 rum
336 2099 438 2136 enim
452 2112 578 2137 rerum
593 2106 801 2150 utrumque
819 2113 843 2137 a
861 2098 970 2138 corde
980 2097 1188 2150 proficisci:
1218 2104 1344 2149 poste-

228 2164 271 2190 ro
285 2151 347 2190 die
365 2160 479 2204 caput
496 2153 537 2191 in
551 2154 675 2202 jecore
693 2165 769 2191 non
787 2153 873 2191 fuit.
901 2153 1003 2201 Quae
1016 2151 1172 2204 quidem
1185 2151 1244 2189 illi
1256 2164 1344 2202 por-

230 2205 483 2248 tendebantur
511 2220 534 2246 a
566 2206 654 2246 Diis
675 2206 970 2256 immortalibus
999 2215 1044 2246 ut
1065 2205 1207 2245 videret
1231 2204 1346 2244 inter-
