1444 2366
272 369 356 424 M.
385 370 669 426 TULLII
711 371 1163 439 CICERONIS,

690 537 755 566 DE

232 645 1217 723 DIVINATIONE,

441 805 671 846 LIBER
716 805 1010 846 PRIMUS.

637 948 822 1002 —4-

212 1095 247 1135 1.
267 1095 438 1135 VETUS
457 1095 588 1148 opinio
602 1103 672 1141 oet,
690 1095 773 1146 jam
793 1107 918 1146 usque
933 1095 982 1134 ab
1000 1094 1163 1134 heroicis
1181 1095 1299 1136 ducta

156 1151 410 1204 temporibus,
446 1164 569 1203 eaque
601 1159 639 1189 et
671 1149 806 1203 populi
842 1150 1013 1188 Romani
1047 1158 1085 1189 et
1117 1151 1296 1190 omnium

155 1207 333 1258 gentium
363 1206 516 1245 firmata
547 1218 748 1253 consensu,
779 1205 920 1244 versari
951 1205 1163 1258 quamdam
1198 1206 1298 1246 inter

155 1262 332 1301 homines
346 1260 637 1308 divinationem,
668 1273 788 1313 quam
811 1260 937 1299 Graeci
960 1267 1146 1304 Μαντικη»
1165 1262 1298 1313 appel-

155 1317 253 1364 lant,
282 1316 324 1355 id
343 1323 413 1362 est,
434 1316 730 1369 pra—sensionem
757 1324 795 1354 et
813 1315 1012 1354 scientiam
1039 1328 1169 1354 rerum
1190 1316 1298 1355 futu-

156 1385 301 1410 rarum.
333 1370 548 1423 Magnifica
560 1371 718 1424 quidem
734 1384 793 1409 res
808 1380 845 1410 et
861 1370 1051 1415 salutaris,
1073 1370 1104 1408 si
1115 1371 1233 1410 modo
1244 1379 1301 1411 est

156 1425 265 1472 ulla;
296 1427 453 1480 quinque
473 1427 649 1479 proxime
668 1425 718 1464 ad
739 1425 914 1464 Deorum
936 1425 1014 1464 vim
1034 1434 1174 1464 natura
1192 1439 1298 1465 mor-

156 1481 245 1520 talis
259 1481 379 1534 possit
393 1481 580 1520 accedere.
613 1482 766 1534 Itaque,
784 1489 829 1519 ut
844 1481 919 1519 alia
935 1492 1003 1519 nos
1018 1480 1157 1519 melius
1172 1482 1299 1521 multa

157 1549 279 1589 quam
299 1536 440 1582 Graeci,
462 1537 514 1576 sic
528 1536 620 1575 huic
634 1535 960 1589 praestantissimae
974 1535 1027 1573 rei
1048 1548 1189 1574 nomen
1210 1549 1298 1575 nos-

158 1592 207 1630 tri
237 1604 262 1630 a
290 1591 403 1639 divis,
425 1591 552 1631 Graeci
581 1596 642 1634 (ut
671 1591 784 1630 Plato
809 1590 1099 1642 interpretatur)
1126 1604 1150 1629 a
1169 1590 1299 1631 furore

159 1645 369 1685 duxerunt.
411 1646 580 1685 Gentem
596 1645 755 1699 quidem
774 1646 926 1684 nullam
943 1644 1054 1683 video
1073 1657 1200 1697 neque
1214 1653 1297 1685 tam

157 1700 374 1740 humanam
394 1709 512 1753 atque
529 1701 698 1749 doctam,
720 1713 846 1752 neque
865 1709 945 1738 tam
966 1700 1179 1739 immanem
1197 1709 1298 1739 tam-

158 1769 236 1808 que
254 1757 474 1801 barbaram,
505 1769 594 1808 quae
612 1768 690 1794 non
711 1754 917 1807 significari
934 1754 1081 1802 futura,
1111 1763 1149 1794 et
1167 1768 1192 1793 a
1210 1756 1298 1808 qui-

156 1810 323 1849 busdam
338 1810 504 1862 intelligi
519 1810 752 1862 praedicique
767 1823 890 1861 posse,
907 1817 1070 1848 censeat.
1102 1809 1299 1863 Principio

156 1865 311 1918 Assyrii
331 1869 393 1908 (ut
412 1867 461 1904 ab
476 1865 625 1904 ultimis
639 1865 905 1904 auctoritatem
920 1871 1125 1916 repetam),
1142 1875 1299 1918 propter

157 1919 359 1972 planitiem
388 1919 777 1973 magnitudinemque
801 1919 1004 1972 regionum
1031 1933 1129 1972 quas
1158 1920 1300 1960 incole-

158 1976 268 2024 bant,
298 1988 389 2014 cum
420 1976 559 2014 coelum
580 1988 628 2014 ex
647 1975 755 2014 omni
774 1983 882 2026 parte
900 1982 1036 2026 patens
1054 1982 1172 2026 atque
1190 1989 1300 2028 aper-

158 2037 246 2068 tum
279 2030 538 2079 intuerentur,
579 2030 819 2080 trajectionae
854 2037 1062 2082 motusque
1099 2029 1300 2069 stellarum

157 2087 482 2124 observaverunt:
515 2085 658 2137 quibus
685 2084 840 2133 notatis,
870 2084 967 2136 quid
993 2084 1133 2136 cuique
1153 2085 1313 2136 signifi-.

158 2147 322 2185 mretut,
338 2140 536 2180 memoria:
549 2139 815 2192 prodiderunt.
844 2138 940 2188 Qua
954 2139 994 2178 in
1010 2139 1166 2183 natione
1180 2139 1315 2184 Chala,

214 2196 407 2243 (Philas.)
430 2206 537 2236 von.
561 2206 624 2234 iv.
942 2205 969 2234 B
