<?xml version="1.0" encoding="UTF-8"?>
<!DOCTYPE html PUBLIC "-//W3C//DTD XHTML 1.0 Transitional//EN"
    "http://www.w3.org/TR/xhtml1/DTD/xhtml1-transitional.dtd">
<html xmlns="http://www.w3.org/1999/xhtml" xml:lang="en" lang="en">
 <head>
  <title>
</title>
<meta http-equiv="Content-Type" content="text/html;charset=utf-8" />
  <meta name='ocr-system' content='tesseract 3.04.00' />
  <meta name='ocr-capabilities' content='ocr_page ocr_carea ocr_par ocr_line ocrx_word'/>
</head>
<body>
  <div class='ocr_page' id='page_1' title='image "./operaern04ciceuoft_0116.png"; bbox 0 0 1470 2402; ppageno 0'>
   <div class='ocr_carea' id='block_1_1' title="bbox 122 98 1148 159">
    <p class='ocr_par' dir='ltr' id='par_1_1' title="bbox 122 98 1148 159">
     <span class='ocr_line' id='line_1_1' title="bbox 122 98 1148 159; baseline 0.001 -21"><span class='ocrx_word' id='word_1_1' title='bbox 122 100 198 139; x_wconf 76' lang='lat'><strong>102</strong></span> <span class='ocrx_word' id='word_1_2' title='bbox 227 99 305 138; x_wconf 82' lang='lat' dir='ltr'><strong>DE</strong></span> <span class='ocrx_word' id='word_1_3' title='bbox 326 98 746 148; x_wconf 78' lang='lat' dir='ltr'>DIVINATIONE,</span> <span class='ocrx_word' id='word_1_4' title='bbox 761 100 862 139; x_wconf 84' lang='lat' dir='ltr'>LIB.</span> <span class='ocrx_word' id='word_1_5' title='bbox 879 99 939 139; x_wconf 88' lang='lat'><strong>11.</strong></span> <span class='ocrx_word' id='word_1_6' title='bbox 956 99 1062 140; x_wconf 71' lang='lat' dir='ltr'>CAP.</span> <span class='ocrx_word' id='word_1_7' title='bbox 1079 102 1148 159; x_wconf 75' lang='grc'><strong>64.</strong></span> 
     </span>
    </p>
   </div>
   <div class='ocr_carea' id='block_1_2' title="bbox 113 207 1240 1542">
    <p class='ocr_par' dir='ltr' id='par_1_2' title="bbox 116 207 1240 516">
     <span class='ocr_line' id='line_1_2' title="bbox 116 207 1238 258; baseline 0.003 -13"><span class='ocrx_word' id='word_1_8' title='bbox 116 208 269 246; x_wconf 84' lang='lat' dir='ltr'><strong>niorum</strong></span> <span class='ocrx_word' id='word_1_9' title='bbox 288 207 561 258; x_wconf 83' lang='lat' dir='ltr'><strong>conjectionem</strong></span> <span class='ocrx_word' id='word_1_10' title='bbox 580 208 713 247; x_wconf 86' lang='lat' dir='ltr'><strong>definit</strong></span> <span class='ocrx_word' id='word_1_11' title='bbox 738 209 810 247; x_wconf 93' lang='lat' dir='ltr'><strong>hoc</strong></span> <span class='ocrx_word' id='word_1_12' title='bbox 837 208 978 256; x_wconf 85' lang='lat' dir='ltr'><strong>modo,¹</strong></span> <span class='ocrx_word' id='word_1_13' title='bbox 994 211 1023 231; x_wconf 87' lang='lat'><strong>“</strong></span> <span class='ocrx_word' id='word_1_14' title='bbox 1042 208 1139 248; x_wconf 80' lang='lat' dir='ltr'><strong>Esse</strong></span> <span class='ocrx_word' id='word_1_15' title='bbox 1157 210 1238 252; x_wconf 87' lang='lat' dir='ltr'><strong>vim</strong></span> 
     </span>
     <span class='ocr_line' id='line_1_3' title="bbox 117 263 1239 314; baseline 0.003 -14"><span class='ocrx_word' id='word_1_16' title='bbox 117 270 350 310; x_wconf 78' lang='lat' dir='ltr'><strong>cernentem,</strong></span> <span class='ocrx_word' id='word_1_17' title='bbox 371 270 409 300; x_wconf 91' lang='lat' dir='ltr'><strong>et</strong></span> <span class='ocrx_word' id='word_1_18' title='bbox 433 263 719 314; x_wconf 81' lang='lat' dir='ltr'><strong>explanantem,</strong></span> <span class='ocrx_word' id='word_1_19' title='bbox 743 277 830 314; x_wconf 84' lang='lat' dir='ltr'><strong>quae</strong></span> <span class='ocrx_word' id='word_1_20' title='bbox 854 277 878 301; x_wconf 93' lang='lat' dir='ltr'><strong>a</strong></span> <span class='ocrx_word' id='word_1_21' title='bbox 906 263 993 301; x_wconf 83' lang='lat' dir='ltr'><strong>Diis</strong></span> <span class='ocrx_word' id='word_1_22' title='bbox 1017 263 1239 303; x_wconf 81' lang='lat' dir='ltr'><strong>hominibus</strong></span> 
     </span>
     <span class='ocr_line' id='line_1_4' title="bbox 117 316 1238 378; baseline 0.002 -24"><span class='ocrx_word' id='word_1_23' title='bbox 117 316 408 367; x_wconf 85' lang='lat' dir='ltr'><strong>significentur</strong></span> <span class='ocrx_word' id='word_1_24' title='bbox 397 329 437 354; x_wconf 85' lang='grc'><strong>111</strong></span> <span class='ocrx_word' id='word_1_25' title='bbox 457 317 628 354; x_wconf 56' lang='lat' dir='ltr'><strong>somnis?</strong></span> <span class='ocrx_word' id='word_1_26' title='bbox 632 317 779 365; x_wconf 90' lang='lat' dir='ltr'><strong>’Quid</strong></span> <span class='ocrx_word' id='word_1_27' title='bbox 785 319 914 378; x_wconf 42' lang='lat' dir='ltr'><strong>ergo}-³</strong></span> <span class='ocrx_word' id='word_1_28' title='bbox 934 317 984 355; x_wconf 86' lang='lat' dir='ltr'><strong>ad</strong></span> <span class='ocrx_word' id='word_1_29' title='bbox 997 317 1079 355; x_wconf 87' lang='lat' dir='ltr'><strong>haec</strong></span> <span class='ocrx_word' id='word_1_30' title='bbox 1092 317 1238 357; x_wconf 86' lang='lat' dir='ltr'><strong>medio-</strong></span> 
     </span>
     <span class='ocr_line' id='line_1_5' title="bbox 117 371 1240 422; baseline 0.001 -14"><span class='ocrx_word' id='word_1_31' title='bbox 117 371 171 408; x_wconf 78' lang='lat' dir='ltr'><strong>cri</strong></span> <span class='ocrx_word' id='word_1_32' title='bbox 199 383 296 421; x_wconf 90' lang='lat' dir='ltr'><strong>opus</strong></span> <span class='ocrx_word' id='word_1_33' title='bbox 318 379 374 409; x_wconf 81' lang='lat' dir='ltr'><strong>est</strong></span> <span class='ocrx_word' id='word_1_34' title='bbox 397 371 614 421; x_wconf 87' lang='lat' dir='ltr'><strong>prudentia,</strong></span> <span class='ocrx_word' id='word_1_35' title='bbox 643 383 693 408; x_wconf 91' lang='lat' dir='ltr'><strong>an</strong></span> <span class='ocrx_word' id='word_1_36' title='bbox 719 379 756 409; x_wconf 91' lang='lat' dir='ltr'><strong>et</strong></span> <span class='ocrx_word' id='word_1_37' title='bbox 783 371 936 422; x_wconf 88' lang='lat' dir='ltr'><strong>ingenio</strong></span> <span class='ocrx_word' id='word_1_38' title='bbox 964 371 1174 422; x_wconf 70' lang='lat' dir='ltr'><strong>praestanti,</strong></span> <span class='ocrx_word' id='word_1_39' title='bbox 1200 380 1240 410; x_wconf 88' lang='lat' dir='ltr'><strong>et</strong></span> 
     </span>
     <span class='ocr_line' id='line_1_6' title="bbox 117 425 1239 476; baseline 0.003 -15"><span class='ocrx_word' id='word_1_40' title='bbox 117 425 329 462; x_wconf 83' lang='lat' dir='ltr'>eruditione</span> <span class='ocrx_word' id='word_1_41' title='bbox 346 425 513 476; x_wconf 59' lang='lat' dir='ltr'><strong>perfecta</strong></span> <span class='ocrx_word' id='word_1_42' title='bbox 527 427 544 463; x_wconf 67' lang='lat'><strong>:³</strong></span> <span class='ocrx_word' id='word_1_43' title='bbox 574 425 713 463; x_wconf 84' lang='lat' dir='ltr'><strong>Talem</strong></span> <span class='ocrx_word' id='word_1_44' title='bbox 739 434 869 464; x_wconf 82' lang='lat' dir='ltr'><strong>autem</strong></span> <span class='ocrx_word' id='word_1_45' title='bbox 897 426 1144 476; x_wconf 83' lang='lat' dir='ltr'><strong>cognovimus</strong></span> <span class='ocrx_word' id='word_1_46' title='bbox 1170 438 1239 465; x_wconf 89' lang='lat' dir='ltr'><strong>ne-</strong></span> 
     </span>
     <span class='ocr_line' id='line_1_7' title="bbox 121 490 279 516; baseline 0.013 -2"><span class='ocrx_word' id='word_1_47' title='bbox 121 490 279 516; x_wconf 77' lang='lat' dir='ltr'><strong>minem.</strong></span> 
     </span>
    </p>

    <p class='ocr_par' dir='ltr' id='par_1_3' title="bbox 114 532 1238 1018">
     <span class='ocr_line' id='line_1_8' title="bbox 172 532 1238 584; baseline 0.003 -15"><span class='ocrx_word' id='word_1_48' title='bbox 172 532 328 571; x_wconf 83' lang='lat' dir='ltr'>LXIV.</span> <span class='ocrx_word' id='word_1_49' title='bbox 359 533 460 570; x_wconf 83' lang='lat' dir='ltr'>Vide</span> <span class='ocrx_word' id='word_1_50' title='bbox 478 533 609 584; x_wconf 79' lang='lat' dir='ltr'><strong>igitur,</strong></span> <span class='ocrx_word' id='word_1_51' title='bbox 625 546 687 581; x_wconf 91' lang='lat' dir='ltr'><strong>ne,</strong></span> <span class='ocrx_word' id='word_1_52' title='bbox 701 533 817 571; x_wconf 83' lang='lat' dir='ltr'><strong>etiam</strong></span> <span class='ocrx_word' id='word_1_53' title='bbox 832 533 863 572; x_wconf 89' lang='lat' dir='ltr'><strong>si</strong></span> <span class='ocrx_word' id='word_1_54' title='bbox 877 533 1151 572; x_wconf 78' lang='lat' dir='ltr'><strong>divinationem</strong></span> <span class='ocrx_word' id='word_1_55' title='bbox 1166 533 1238 572; x_wconf 87' lang='lat' dir='ltr'><strong>tibi</strong></span> 
     </span>
     <span class='ocr_line' id='line_1_9' title="bbox 115 587 1238 638; baseline 0.002 -14"><span class='ocrx_word' id='word_1_56' title='bbox 115 599 194 624; x_wconf 57' lang='lat' dir='ltr'><strong>esse</strong></span> <span class='ocrx_word' id='word_1_57' title='bbox 213 599 438 633; x_wconf 83' lang='lat' dir='ltr'><strong>concessero,</strong></span> <span class='ocrx_word' id='word_1_58' title='bbox 456 587 560 638; x_wconf 87' lang='lat' dir='ltr'><strong>quod</strong></span> <span class='ocrx_word' id='word_1_59' title='bbox 577 600 778 638; x_wconf 89' lang='lat' dir='ltr'><strong>nunquam</strong></span> <span class='ocrx_word' id='word_1_60' title='bbox 797 588 950 633; x_wconf 85' lang='lat' dir='ltr'><strong>faciam,</strong></span> <span class='ocrx_word' id='word_1_61' title='bbox 970 587 1164 626; x_wconf 88' lang='lat' dir='ltr'><strong>neminem</strong></span> <span class='ocrx_word' id='word_1_62' title='bbox 1179 595 1238 626; x_wconf 82' lang='lat' dir='ltr'><strong>ta-</strong></span> 
     </span>
     <span class='ocr_line' id='line_1_10' title="bbox 115 640 1238 692; baseline 0.002 -14"><span class='ocrx_word' id='word_1_63' title='bbox 115 652 206 678; x_wconf 88' lang='lat' dir='ltr'><strong>men</strong></span> <span class='ocrx_word' id='word_1_64' title='bbox 225 640 401 678; x_wconf 80' lang='lat' dir='ltr'><strong>divinum</strong></span> <span class='ocrx_word' id='word_1_65' title='bbox 420 641 582 692; x_wconf 88' lang='lat' dir='ltr'><strong>reperire</strong></span> <span class='ocrx_word' id='word_1_66' title='bbox 606 642 807 692; x_wconf 82' lang='lat' dir='ltr'><strong>possimus.</strong></span> <span class='ocrx_word' id='word_1_67' title='bbox 849 641 988 689; x_wconf 87' lang='lat' dir='ltr'><strong>Qualis</strong></span> <span class='ocrx_word' id='word_1_68' title='bbox 1006 649 1136 679; x_wconf 86' lang='lat' dir='ltr'><strong>autem</strong></span> <span class='ocrx_word' id='word_1_69' title='bbox 1164 642 1238 680; x_wconf 79' lang='lat' dir='ltr'><strong>ista</strong></span> 
     </span>
     <span class='ocr_line' id='line_1_11' title="bbox 117 695 1236 747; baseline 0.003 -16"><span class='ocrx_word' id='word_1_70' title='bbox 117 706 225 732; x_wconf 87' lang='lat' dir='ltr'><strong>mens</strong></span> <span class='ocrx_word' id='word_1_71' title='bbox 253 703 308 732; x_wconf 58' lang='lat' dir='ltr'><strong>est</strong></span> <span class='ocrx_word' id='word_1_72' title='bbox 337 695 524 741; x_wconf 83' lang='lat' dir='ltr'><strong>Deorum,</strong></span> <span class='ocrx_word' id='word_1_73' title='bbox 550 696 581 733; x_wconf 81' lang='grc'><strong>51</strong></span> <span class='ocrx_word' id='word_1_74' title='bbox 601 708 725 747; x_wconf 87' lang='lat' dir='ltr'><strong>neque</strong></span> <span class='ocrx_word' id='word_1_75' title='bbox 751 708 795 733; x_wconf 91' lang='lat' dir='ltr'><strong>ea</strong></span> <span class='ocrx_word' id='word_1_76' title='bbox 819 695 929 734; x_wconf 85' lang='lat' dir='ltr'><strong>nobis</strong></span> <span class='ocrx_word' id='word_1_77' title='bbox 956 695 1171 746; x_wconf 86' lang='lat' dir='ltr'><strong>significant</strong></span> <span class='ocrx_word' id='word_1_78' title='bbox 1194 695 1236 734; x_wconf 91' lang='lat' dir='ltr'><strong>in</strong></span> 
     </span>
     <span class='ocr_line' id='line_1_12' title="bbox 116 749 1235 800; baseline 0.002 -15"><span class='ocrx_word' id='word_1_79' title='bbox 116 749 273 795; x_wconf 87' lang='lat' dir='ltr'><strong>somnis,</strong></span> <span class='ocrx_word' id='word_1_80' title='bbox 305 763 392 800; x_wconf 84' lang='lat' dir='ltr'><strong>quae</strong></span> <span class='ocrx_word' id='word_1_81' title='bbox 423 749 496 800; x_wconf 85' lang='lat' dir='ltr'><strong>ipsi</strong></span> <span class='ocrx_word' id='word_1_82' title='bbox 526 763 594 800; x_wconf 92' lang='lat' dir='ltr'><strong>per</strong></span> <span class='ocrx_word' id='word_1_83' title='bbox 625 762 694 787; x_wconf 88' lang='lat' dir='ltr'><strong>nos</strong></span> <span class='ocrx_word' id='word_1_84' title='bbox 725 749 999 800; x_wconf 79' lang='lat' dir='ltr'><strong>intelligamus,</strong></span> <span class='ocrx_word' id='word_1_85' title='bbox 1020 761 1145 800; x_wconf 84' lang='lat' dir='ltr'><strong>neque</strong></span> <span class='ocrx_word' id='word_1_86' title='bbox 1176 762 1235 797; x_wconf 65' lang='grc' dir='ltr'><strong>ω,</strong></span> 
     </span>
     <span class='ocr_line' id='line_1_13' title="bbox 115 803 1237 854; baseline 0.004 -16"><span class='ocrx_word' id='word_1_87' title='bbox 115 815 280 852; x_wconf 88' lang='lat' dir='ltr'><strong>quorum</strong></span> <span class='ocrx_word' id='word_1_88' title='bbox 300 803 522 854; x_wconf 77' lang='lat' dir='ltr'><strong>interpretes</strong></span> <span class='ocrx_word' id='word_1_89' title='bbox 541 804 680 841; x_wconf 84' lang='lat' dir='ltr'><strong>habere</strong></span> <span class='ocrx_word' id='word_1_90' title='bbox 698 804 888 854; x_wconf 87' lang='lat' dir='ltr'><strong>possimus</strong></span> <span class='ocrx_word' id='word_1_91' title='bbox 901 805 919 842; x_wconf 76' lang='grc' dir='ltr'><strong>’ἓ</strong></span> <span class='ocrx_word' id='word_1_92' title='bbox 960 803 1113 842; x_wconf 80' lang='lat' dir='ltr'><strong>Similes</strong></span> <span class='ocrx_word' id='word_1_93' title='bbox 1132 804 1237 842; x_wconf 87' lang='lat' dir='ltr'><strong>enim</strong></span> 
     </span>
     <span class='ocr_line' id='line_1_14' title="bbox 116 857 1237 909; baseline 0.004 -16"><span class='ocrx_word' id='word_1_94' title='bbox 116 865 205 893; x_wconf 82' lang='lat' dir='ltr'><strong>sunt</strong></span> <span class='ocrx_word' id='word_1_95' title='bbox 225 857 307 901; x_wconf 81' lang='lat' dir='ltr'><strong>Dii,</strong></span> <span class='ocrx_word' id='word_1_96' title='bbox 329 857 360 895; x_wconf 89' lang='lat' dir='ltr'><strong>si</strong></span> <span class='ocrx_word' id='word_1_97' title='bbox 379 870 423 894; x_wconf 90' lang='lat' dir='ltr'><strong>ea</strong></span> <span class='ocrx_word' id='word_1_98' title='bbox 441 857 549 895; x_wconf 78' lang='lat' dir='ltr'><strong>nobis</strong></span> <span class='ocrx_word' id='word_1_99' title='bbox 568 858 766 907; x_wconf 82' lang='lat' dir='ltr'><strong>objiciunt,</strong></span> <span class='ocrx_word' id='word_1_100' title='bbox 781 870 946 909; x_wconf 90' lang='lat' dir='ltr'><strong>quorum</strong></span> <span class='ocrx_word' id='word_1_101' title='bbox 961 869 1030 895; x_wconf 90' lang='lat' dir='ltr'><strong>nec</strong></span> <span class='ocrx_word' id='word_1_102' title='bbox 1041 857 1237 897; x_wconf 84' lang='lat' dir='ltr'><strong>scientiam</strong></span> 
     </span>
     <span class='ocr_line' id='line_1_15' title="bbox 114 911 1238 963; baseline 0.003 -16"><span class='ocrx_word' id='word_1_103' title='bbox 114 922 239 961; x_wconf 89' lang='lat' dir='ltr'><strong>neque</strong></span> <span class='ocrx_word' id='word_1_104' title='bbox 254 912 538 962; x_wconf 74' lang='lat' dir='ltr'><strong>explanatorem</strong></span> <span class='ocrx_word' id='word_1_105' title='bbox 554 911 776 959; x_wconf 84' lang='lat' dir='ltr'><strong>habeamus,</strong></span> <span class='ocrx_word' id='word_1_106' title='bbox 793 920 993 963; x_wconf 87' lang='lat' dir='ltr'><strong>tamquam</strong></span> <span class='ocrx_word' id='word_1_107' title='bbox 1005 911 1036 950; x_wconf 92' lang='lat' dir='ltr'><strong>si</strong></span> <span class='ocrx_word' id='word_1_108' title='bbox 1049 911 1159 950; x_wconf 81' lang='lat' dir='ltr'><strong>Poeni</strong></span> <span class='ocrx_word' id='word_1_109' title='bbox 1169 919 1238 950; x_wconf 86' lang='lat' dir='ltr'><strong>aut</strong></span> 
     </span>
     <span class='ocr_line' id='line_1_16' title="bbox 117 964 1237 1018; baseline 0.003 -17"><span class='ocrx_word' id='word_1_110' title='bbox 117 964 284 1016; x_wconf 76' lang='lat' dir='ltr'><strong>Hispani</strong></span> <span class='ocrx_word' id='word_1_111' title='bbox 303 966 342 1002; x_wconf 82' lang='lat' dir='ltr'><strong>in</strong></span> <span class='ocrx_word' id='word_1_112' title='bbox 362 974 494 1003; x_wconf 82' lang='lat' dir='ltr'><strong>senatu</strong></span> <span class='ocrx_word' id='word_1_113' title='bbox 515 974 642 1003; x_wconf 77' lang='lat' dir='ltr'><strong>nostro</strong></span> <span class='ocrx_word' id='word_1_114' title='bbox 659 966 906 1018; x_wconf 82' lang='lat' dir='ltr'><strong>loquerentur</strong></span> <span class='ocrx_word' id='word_1_115' title='bbox 924 966 1004 1004; x_wconf 81' lang='lat' dir='ltr'><strong>sine</strong></span> <span class='ocrx_word' id='word_1_116' title='bbox 1020 965 1237 1017; x_wconf 75' lang='lat' dir='ltr'><strong>interprete.</strong></span> 
     </span>
    </p>

    <p class='ocr_par' dir='ltr' id='par_1_4' title="bbox 113 1019 1238 1542">
     <span class='ocr_line' id='line_1_17' title="bbox 168 1019 1238 1071; baseline 0.003 -15"><span class='ocrx_word' id='word_1_117' title='bbox 168 1019 197 1056; x_wconf 81' lang='lat' dir='ltr'><em>J</em></span> <span class='ocrx_word' id='word_1_118' title='bbox 200 1032 263 1056; x_wconf 88' lang='lat' dir='ltr'><strong>am</strong></span> <span class='ocrx_word' id='word_1_119' title='bbox 283 1032 371 1057; x_wconf 86' lang='lat' dir='ltr'><strong>vero</strong></span> <span class='ocrx_word' id='word_1_120' title='bbox 390 1032 467 1071; x_wconf 93' lang='lat' dir='ltr'><strong>quo</strong></span> <span class='ocrx_word' id='word_1_121' title='bbox 494 1020 685 1071; x_wconf 86' lang='lat' dir='ltr'><strong>pertinent</strong></span> <span class='ocrx_word' id='word_1_122' title='bbox 710 1020 954 1058; x_wconf 82' lang='lat' dir='ltr'><strong>obscuritates</strong></span> <span class='ocrx_word' id='word_1_123' title='bbox 977 1028 1014 1058; x_wconf 85' lang='lat' dir='ltr'><strong>et</strong></span> <span class='ocrx_word' id='word_1_124' title='bbox 1032 1020 1238 1070; x_wconf 75' lang='lat' dir='ltr'><strong>aenigmata</strong></span> 
     </span>
     <span class='ocr_line' id='line_1_18' title="bbox 115 1073 1237 1124; baseline 0.003 -15"><span class='ocrx_word' id='word_1_125' title='bbox 115 1073 352 1111; x_wconf 79' lang='lat' dir='ltr'><strong>somniorum</strong></span> <span class='ocrx_word' id='word_1_126' title='bbox 369 1076 386 1111; x_wconf 66' lang='lat' dir='ltr'>P</span> <span class='ocrx_word' id='word_1_127' title='bbox 435 1074 606 1124; x_wconf 80' lang='lat' dir='ltr'><strong>Intelligi</strong></span> <span class='ocrx_word' id='word_1_128' title='bbox 625 1074 727 1112; x_wconf 78' lang='lat' dir='ltr'><strong>enim</strong></span> <span class='ocrx_word' id='word_1_129' title='bbox 746 1087 768 1111; x_wconf 91' lang='lat' dir='ltr'><strong>a</strong></span> <span class='ocrx_word' id='word_1_130' title='bbox 787 1074 895 1112; x_wconf 89' lang='lat' dir='ltr'><strong>nobis</strong></span> <span class='ocrx_word' id='word_1_131' title='bbox 915 1073 984 1111; x_wconf 85' lang='lat' dir='ltr'><strong>Dii</strong></span> <span class='ocrx_word' id='word_1_132' title='bbox 1003 1074 1099 1112; x_wconf 85' lang='lat' dir='ltr'><strong>velle</strong></span> <span class='ocrx_word' id='word_1_133' title='bbox 1123 1074 1237 1112; x_wconf 83' lang='lat' dir='ltr'><strong>debe-</strong></span> 
     </span>
     <span class='ocr_line' id='line_1_19' title="bbox 116 1128 1234 1178; baseline 0.002 -14"><span class='ocrx_word' id='word_1_134' title='bbox 116 1128 223 1174; x_wconf 87' lang='lat' dir='ltr'><strong>bant,</strong></span> <span class='ocrx_word' id='word_1_135' title='bbox 254 1141 310 1173; x_wconf 87' lang='lat' dir='ltr'><strong>ea,</strong></span> <span class='ocrx_word' id='word_1_136' title='bbox 341 1141 428 1178; x_wconf 84' lang='lat' dir='ltr'><strong>quae</strong></span> <span class='ocrx_word' id='word_1_137' title='bbox 453 1129 583 1165; x_wconf 69' lang='lat' dir='ltr'><strong>nostr-22</strong></span> <span class='ocrx_word' id='word_1_138' title='bbox 609 1129 723 1165; x_wconf 65' lang='lat' dir='ltr'><strong>causa</strong></span> <span class='ocrx_word' id='word_1_139' title='bbox 747 1141 815 1166; x_wconf 89' lang='lat' dir='ltr'><strong>nos</strong></span> <span class='ocrx_word' id='word_1_140' title='bbox 838 1136 1048 1166; x_wconf 90' lang='lat' dir='ltr'><strong>monerent.</strong></span> <span class='ocrx_word' id='word_1_141' title='bbox 1091 1128 1200 1176; x_wconf 88' lang='lat' dir='ltr'><strong>Quid</strong></span> <span class='ocrx_word' id='word_1_142' title='bbox 1216 1131 1234 1167; x_wconf 72' lang='grc' dir='ltr'><strong><em>ἓ</em></strong></span> 
     </span>
     <span class='ocr_line' id='line_1_20' title="bbox 115 1181 1235 1233; baseline 0.002 -15"><span class='ocrx_word' id='word_1_143' title='bbox 115 1185 230 1230; x_wconf 63' lang='lat' dir='ltr'><strong>pot-&#39;ta</strong></span> <span class='ocrx_word' id='word_1_144' title='bbox 246 1194 374 1228; x_wconf 86' lang='lat' dir='ltr'><strong>nemo,</strong></span> <span class='ocrx_word' id='word_1_145' title='bbox 396 1194 509 1219; x_wconf 88' lang='lat' dir='ltr'><strong>nemo</strong></span> <span class='ocrx_word' id='word_1_146' title='bbox 529 1181 723 1233; x_wconf 83' lang='lat' dir='ltr'><strong>physicus,</strong></span> <span class='ocrx_word' id='word_1_147' title='bbox 744 1184 925 1220; x_wconf 90' lang='lat' dir='ltr'><strong>obscurus</strong></span> <span class='ocrx_word' id='word_1_148' title='bbox 939 1183 957 1220; x_wconf 72' lang='grc' dir='ltr'>Ρ</span> <span class='ocrx_word' id='word_1_149' title='bbox 985 1182 1051 1220; x_wconf 84' lang='lat' dir='ltr'><strong>ille</strong></span> <span class='ocrx_word' id='word_1_150' title='bbox 1069 1195 1157 1220; x_wconf 84' lang='lat' dir='ltr'><strong>vero</strong></span> <span class='ocrx_word' id='word_1_151' title='bbox 1175 1183 1235 1220; x_wconf 91' lang='lat' dir='ltr'><strong>ni-</strong></span> 
     </span>
     <span class='ocr_line' id='line_1_21' title="bbox 115 1235 1232 1286; baseline 0.003 -14"><span class='ocrx_word' id='word_1_152' title='bbox 115 1235 189 1272; x_wconf 88' lang='lat' dir='ltr'><strong>mis</strong></span> <span class='ocrx_word' id='word_1_153' title='bbox 219 1235 334 1273; x_wconf 87' lang='lat' dir='ltr'><strong>etiam</strong></span> <span class='ocrx_word' id='word_1_154' title='bbox 366 1237 547 1274; x_wconf 84' lang='lat' dir='ltr'><strong>obscurus</strong></span> <span class='ocrx_word' id='word_1_155' title='bbox 577 1236 803 1286; x_wconf 85' lang='lat' dir='ltr'><strong>Euphorion</strong></span> <span class='ocrx_word' id='word_1_156' title='bbox 819 1251 829 1272; x_wconf 90' lang='lat'><strong>:</strong></span> <span class='ocrx_word' id='word_1_157' title='bbox 860 1244 900 1274; x_wconf 87' lang='lat' dir='ltr'><strong>at</strong></span> <span class='ocrx_word' id='word_1_158' title='bbox 921 1248 997 1273; x_wconf 90' lang='lat' dir='ltr'><strong>non</strong></span> <span class='ocrx_word' id='word_1_159' title='bbox 1022 1236 1232 1275; x_wconf 85' lang='lat' dir='ltr'><strong>Homerus.</strong></span> 
     </span>
     <span class='ocr_line' id='line_1_22' title="bbox 115 1288 1234 1340; baseline 0.003 -15"><span class='ocrx_word' id='word_1_160' title='bbox 115 1288 212 1326; x_wconf 80' lang='lat' dir='ltr'><strong>Uter</strong></span> <span class='ocrx_word' id='word_1_161' title='bbox 229 1290 347 1340; x_wconf 83' lang='lat' dir='ltr'><strong>igitur</strong></span> <span class='ocrx_word' id='word_1_162' title='bbox 365 1290 500 1327; x_wconf 81' lang='lat' dir='ltr'><strong>melior</strong></span> <span class='ocrx_word' id='word_1_163' title='bbox 516 1292 534 1328; x_wconf 81' lang='lat'>?</span> <span class='ocrx_word' id='word_1_164' title='bbox 564 1290 690 1328; x_wconf 87' lang='lat' dir='ltr'><strong>Valde</strong></span> <span class='ocrx_word' id='word_1_165' title='bbox 710 1290 928 1328; x_wconf 86' lang='lat' dir='ltr'><strong>Heraclitus</strong></span> <span class='ocrx_word' id='word_1_166' title='bbox 947 1291 1143 1339; x_wconf 84' lang='lat' dir='ltr'><strong>obscurus,</strong></span> <span class='ocrx_word' id='word_1_167' title='bbox 1159 1291 1234 1329; x_wconf 90' lang='lat' dir='ltr'><strong>mi-</strong></span> 
     </span>
     <span class='ocr_line' id='line_1_23' title="bbox 115 1342 1235 1394; baseline 0.003 -15"><span class='ocrx_word' id='word_1_168' title='bbox 115 1342 219 1380; x_wconf 86' lang='lat' dir='ltr'><strong>m&#39;me</strong></span> <span class='ocrx_word' id='word_1_169' title='bbox 251 1343 494 1381; x_wconf 86' lang='lat' dir='ltr'><strong>Democritus</strong></span> <span class='ocrx_word' id='word_1_170' title='bbox 511 1358 520 1381; x_wconf 90' lang='lat'>:</span> <span class='ocrx_word' id='word_1_171' title='bbox 565 1356 661 1382; x_wconf 86' lang='lat' dir='ltr'><strong>num</strong></span> <span class='ocrx_word' id='word_1_172' title='bbox 692 1344 811 1394; x_wconf 85' lang='lat' dir='ltr'><strong>igitur</strong></span> <span class='ocrx_word' id='word_1_173' title='bbox 847 1343 1094 1382; x_wconf 84' lang='lat' dir='ltr'><strong>conferendi?</strong></span> <span class='ocrx_word' id='word_1_174' title='bbox 1137 1344 1235 1383; x_wconf 63' lang='grc' dir='ltr'>Μώ</span> 
     </span>
     <span class='ocr_line' id='line_1_24' title="bbox 114 1397 1234 1449; baseline 0.004 -16"><span class='ocrx_word' id='word_1_175' title='bbox 114 1397 227 1434; x_wconf 69' lang='lat' dir='ltr'><strong>causa</strong></span> <span class='ocrx_word' id='word_1_176' title='bbox 257 1410 319 1435; x_wconf 88' lang='lat' dir='ltr'><strong>me</strong></span> <span class='ocrx_word' id='word_1_177' title='bbox 349 1410 495 1443; x_wconf 88' lang='lat' dir='ltr'><strong>mones,</strong></span> <span class='ocrx_word' id='word_1_178' title='bbox 525 1398 629 1449; x_wconf 89' lang='lat' dir='ltr'><strong>quod</strong></span> <span class='ocrx_word' id='word_1_179' title='bbox 652 1410 731 1435; x_wconf 88' lang='lat' dir='ltr'><strong>non</strong></span> <span class='ocrx_word' id='word_1_180' title='bbox 758 1398 1006 1449; x_wconf 82' lang='lat' dir='ltr'><strong>intelligam?</strong></span> <span class='ocrx_word' id='word_1_181' title='bbox 1036 1398 1146 1446; x_wconf 85' lang='lat' dir='ltr'><strong>Quid</strong></span> <span class='ocrx_word' id='word_1_182' title='bbox 1169 1411 1234 1437; x_wconf 87' lang='lat' dir='ltr'><strong>me</strong></span> 
     </span>
     <span class='ocr_line' id='line_1_25' title="bbox 113 1450 1234 1504; baseline 0.003 -16"><span class='ocrx_word' id='word_1_183' title='bbox 113 1450 230 1500; x_wconf 80' lang='lat' dir='ltr'><strong>igitur</strong></span> <span class='ocrx_word' id='word_1_184' title='bbox 248 1454 412 1490; x_wconf 79' lang='lat' dir='ltr'><strong>mones?</strong></span> <span class='ocrx_word' id='word_1_185' title='bbox 442 1460 486 1489; x_wconf 90' lang='lat' dir='ltr'><strong>ut</strong></span> <span class='ocrx_word' id='word_1_186' title='bbox 504 1452 535 1489; x_wconf 92' lang='lat' dir='ltr'><strong>si</strong></span> <span class='ocrx_word' id='word_1_187' title='bbox 554 1453 639 1504; x_wconf 82' lang='lat' dir='ltr'><strong>quis</strong></span> <span class='ocrx_word' id='word_1_188' title='bbox 658 1452 828 1490; x_wconf 66' lang='lat' dir='ltr'><strong>medicas</strong></span> <span class='ocrx_word' id='word_1_189' title='bbox 840 1460 980 1504; x_wconf 60' lang='lat' dir='ltr'><strong>aeg-roto</strong></span> <span class='ocrx_word' id='word_1_190' title='bbox 997 1451 1174 1503; x_wconf 83' lang='lat' dir='ltr'><strong>imperet,</strong></span> <span class='ocrx_word' id='word_1_191' title='bbox 1189 1460 1234 1491; x_wconf 91' lang='lat' dir='ltr'><strong>ut</strong></span> 
     </span>
     <span class='ocr_line' id='line_1_26' title="bbox 115 1513 242 1542; baseline 0.008 -1"><span class='ocrx_word' id='word_1_192' title='bbox 115 1513 242 1542; x_wconf 88' lang='lat' dir='ltr'><strong>sumat</strong></span> 
     </span>
    </p>
   </div>
   <div class='ocr_carea' id='block_1_3' title="bbox 169 1579 1232 1685">
    <p class='ocr_par' dir='ltr' id='par_1_5' title="bbox 169 1579 1232 1685">
     <span class='ocr_line' id='line_1_27' title="bbox 169 1579 1232 1633; baseline 0.003 -16"><span class='ocrx_word' id='word_1_193' title='bbox 169 1582 198 1601; x_wconf 72' lang='lat'><strong>‘⁶</strong></span> <span class='ocrx_word' id='word_1_194' title='bbox 219 1579 485 1631; x_wconf 85' lang='lat' dir='ltr'><strong>Terrigenam,</strong></span> <span class='ocrx_word' id='word_1_195' title='bbox 526 1581 808 1633; x_wconf 80' lang='lat' dir='ltr'><strong>herbigradam,</strong></span> <span class='ocrx_word' id='word_1_196' title='bbox 842 1581 1112 1633; x_wconf 88' lang='lat' dir='ltr'><strong>domiportam‚</strong></span> <span class='ocrx_word' id='word_1_197' title='bbox 1145 1595 1232 1621; x_wconf 84' lang='lat' dir='ltr'><strong>san-</strong></span> 
     </span>
     <span class='ocr_line' id='line_1_28' title="bbox 275 1635 602 1685; baseline 0.003 -13"><span class='ocrx_word' id='word_1_198' title='bbox 275 1635 394 1685; x_wconf 88' lang='lat' dir='ltr'><strong>guine</strong></span> <span class='ocrx_word' id='word_1_199' title='bbox 413 1636 602 1683; x_wconf 87' lang='lat' dir='ltr'><strong>cassam,&#39;&#39;</strong></span> 
     </span>
    </p>
   </div>
   <div class='ocr_carea' id='block_1_4' title="bbox 111 1722 1231 1830">
    <p class='ocr_par' dir='ltr' id='par_1_6' title="bbox 111 1722 1231 1830">
     <span class='ocr_line' id='line_1_29' title="bbox 111 1722 1231 1774; baseline 0.004 -16"><span class='ocrx_word' id='word_1_200' title='bbox 111 1722 238 1772; x_wconf 87' lang='lat' dir='ltr'><strong>potius</strong></span> <span class='ocrx_word' id='word_1_201' title='bbox 253 1736 385 1774; x_wconf 88' lang='lat' dir='ltr'><strong>quam,</strong></span> <span class='ocrx_word' id='word_1_202' title='bbox 399 1724 603 1763; x_wconf 86' lang='lat' dir='ltr'><strong>hominum</strong></span> <span class='ocrx_word' id='word_1_203' title='bbox 617 1738 739 1773; x_wconf 89' lang='lat' dir='ltr'><strong>more,</strong></span> <span class='ocrx_word' id='word_1_204' title='bbox 753 1725 946 1764; x_wconf 86' lang='lat' dir='ltr'><strong>cochleam</strong></span> <span class='ocrx_word' id='word_1_205' title='bbox 959 1725 1094 1763; x_wconf 68' lang='lat' dir='ltr'><strong>dicere⁴</strong></span> <span class='ocrx_word' id='word_1_206' title='bbox 1123 1725 1231 1763; x_wconf 88' lang='lat' dir='ltr'><strong>Nam</strong></span> 
     </span>
     <span class='ocr_line' id='line_1_30' title="bbox 115 1776 566 1830; baseline 0.011 -18"><span class='ocrx_word' id='word_1_207' title='bbox 115 1776 356 1815; x_wconf 84' lang='lat' dir='ltr'><strong>Pacuvianus</strong></span> <span class='ocrx_word' id='word_1_208' title='bbox 375 1779 566 1830; x_wconf 83' lang='lat' dir='ltr'><strong>Amphio,</strong></span> 
     </span>
    </p>
   </div>
   <div class='ocr_carea' id='block_1_5' title="bbox 163 1851 1230 2011">
    <p class='ocr_par' dir='ltr' id='par_1_7' title="bbox 163 1851 1230 2011">
     <span class='ocr_line' id='line_1_31' title="bbox 165 1851 1230 1915; baseline 0.004 -26"><span class='ocrx_word' id='word_1_209' title='bbox 165 1855 194 1873; x_wconf 89' lang='grc'>“</span> <span class='ocrx_word' id='word_1_210' title='bbox 211 1851 441 1904; x_wconf 84' lang='lat' dir='ltr'><strong>Quadrupes</strong></span> <span class='ocrx_word' id='word_1_211' title='bbox 460 1854 689 1915; x_wconf 84' lang='lat' dir='ltr'><strong>tardigrada,</strong></span> <span class='ocrx_word' id='word_1_212' title='bbox 710 1855 880 1906; x_wconf 82' lang='lat' dir='ltr'><strong>agrestis,</strong></span> <span class='ocrx_word' id='word_1_213' title='bbox 899 1854 1071 1898; x_wconf 81' lang='lat' dir='ltr'><strong>humilis,</strong></span> <span class='ocrx_word' id='word_1_214' title='bbox 1084 1867 1230 1906; x_wconf 81' lang='lat' dir='ltr'><strong>aspera,</strong></span> 
     </span>
     <span class='ocr_line' id='line_1_32' title="bbox 165 1904 1122 1960; baseline 0.003 -17"><span class='ocrx_word' id='word_1_215' title='bbox 165 1904 301 1956; x_wconf 84' lang='lat' dir='ltr'><strong>Capite</strong></span> <span class='ocrx_word' id='word_1_216' title='bbox 320 1907 439 1953; x_wconf 83' lang='lat' dir='ltr'><strong>brevi,</strong></span> <span class='ocrx_word' id='word_1_217' title='bbox 459 1909 599 1946; x_wconf 81' lang='lat' dir='ltr'><strong>cervice</strong></span> <span class='ocrx_word' id='word_1_218' title='bbox 617 1909 800 1960; x_wconf 80' lang='lat' dir='ltr'><strong>anguina,</strong></span> <span class='ocrx_word' id='word_1_219' title='bbox 817 1909 995 1960; x_wconf 79' lang='lat' dir='ltr'><strong>adspectu</strong></span> <span class='ocrx_word' id='word_1_220' title='bbox 1011 1908 1122 1956; x_wconf 86' lang='lat' dir='ltr'><strong>truci,</strong></span> 
     </span>
     <span class='ocr_line' id='line_1_33' title="bbox 163 1959 1044 2011; baseline 0.005 -14"><span class='ocrx_word' id='word_1_221' title='bbox 163 1959 428 2007; x_wconf 61' lang='lat' dir='ltr'><strong>Exiscerata,&#39;</strong></span> <span class='ocrx_word' id='word_1_222' title='bbox 418 1962 603 2011; x_wconf 75' lang='lat' dir='ltr'><strong>inanima,</strong></span> <span class='ocrx_word' id='word_1_223' title='bbox 625 1975 714 2001; x_wconf 86' lang='lat' dir='ltr'><strong>cum</strong></span> <span class='ocrx_word' id='word_1_224' title='bbox 733 1963 891 2000; x_wconf 87' lang='lat' dir='ltr'><strong>animali</strong></span> <span class='ocrx_word' id='word_1_225' title='bbox 908 1963 1044 2010; x_wconf 88' lang='lat' dir='ltr'><strong>sono,”</strong></span> 
     </span>
    </p>
   </div>
   <div class='ocr_carea' id='block_1_6' title="bbox 108 2047 1228 2257">
    <p class='ocr_par' dir='ltr' id='par_1_8' title="bbox 108 2047 1228 2155">
     <span class='ocr_line' id='line_1_34' title="bbox 109 2047 1228 2102; baseline 0.004 -18"><span class='ocrx_word' id='word_1_226' title='bbox 109 2060 198 2085; x_wconf 86' lang='lat' dir='ltr'><strong>cum</strong></span> <span class='ocrx_word' id='word_1_227' title='bbox 214 2047 370 2086; x_wconf 80' lang='lat' dir='ltr'><strong>dixisset</strong></span> <span class='ocrx_word' id='word_1_228' title='bbox 383 2051 595 2097; x_wconf 73' lang='lat' dir='ltr'><strong>obscurius,</strong></span> <span class='ocrx_word' id='word_1_229' title='bbox 607 2059 691 2089; x_wconf 88' lang='lat' dir='ltr'><strong>tum</strong></span> <span class='ocrx_word' id='word_1_230' title='bbox 705 2051 830 2089; x_wconf 82' lang='lat' dir='ltr'><strong>Attici</strong></span> <span class='ocrx_word' id='word_1_231' title='bbox 844 2051 1090 2102; x_wconf 85' lang='lat' dir='ltr'><strong>respondent·</strong></span> <span class='ocrx_word' id='word_1_232' title='bbox 1110 2052 1138 2073; x_wconf 75' lang='lat'><strong>‘⁴</strong></span> <span class='ocrx_word' id='word_1_233' title='bbox 1151 2063 1228 2089; x_wconf 90' lang='lat' dir='ltr'><strong>non</strong></span> 
     </span>
     <span class='ocr_line' id='line_1_35' title="bbox 108 2101 1228 2155; baseline 0.005 -17"><span class='ocrx_word' id='word_1_234' title='bbox 108 2101 372 2151; x_wconf 81' lang='lat' dir='ltr'><strong>intelligimus,</strong></span> <span class='ocrx_word' id='word_1_235' title='bbox 392 2104 464 2141; x_wconf 85' lang='lat' dir='ltr'><strong>nisi</strong></span> <span class='ocrx_word' id='word_1_236' title='bbox 484 2115 612 2155; x_wconf 87' lang='lat' dir='ltr'><strong>aperte</strong></span> <span class='ocrx_word' id='word_1_237' title='bbox 629 2105 811 2143; x_wconf 46' lang='lat' dir='ltr'><strong>dixeris?</strong></span> <span class='ocrx_word' id='word_1_238' title='bbox 840 2106 898 2142; x_wconf 86' lang='lat' dir='ltr'><strong>At</strong></span> <span class='ocrx_word' id='word_1_239' title='bbox 916 2105 996 2151; x_wconf 87' lang='lat' dir='ltr'><strong>ille,</strong></span> <span class='ocrx_word' id='word_1_240' title='bbox 1010 2117 1088 2142; x_wconf 88' lang='lat' dir='ltr'><strong>uno</strong></span> <span class='ocrx_word' id='word_1_241' title='bbox 1099 2107 1228 2151; x_wconf 80' lang='lat' dir='ltr'><strong>verbo,</strong></span> 
     </span>
    </p>

    <p class='ocr_par' dir='ltr' id='par_1_9' title="bbox 109 2155 1227 2257">
     <span class='ocr_line' id='line_1_36' title="bbox 161 2155 1227 2211; baseline 0.006 -19.051"><span class='ocrx_word' id='word_1_242' title='bbox 161 2155 344 2193; x_wconf 72' lang='lat' dir='ltr'><strong>&#39;Fe-stud»</strong></span> <span class='ocrx_word' id='word_1_243' title='bbox 351 2157 374 2173; x_wconf 72' lang='lat'><strong>&#39;³</strong></span> <span class='ocrx_word' id='word_1_244' title='bbox 412 2158 501 2196; x_wconf 85' lang='lat' dir='ltr'><strong>Non</strong></span> <span class='ocrx_word' id='word_1_245' title='bbox 531 2168 707 2210; x_wconf 86' lang='lat' dir='ltr'><strong>potueras</strong></span> <span class='ocrx_word' id='word_1_246' title='bbox 734 2160 805 2198; x_wconf 83' lang='lat' dir='ltr'><strong>hoc</strong></span> <span class='ocrx_word' id='word_1_247' title='bbox 832 2159 950 2211; x_wconf 87' lang='lat' dir='ltr'><strong>igitur</strong></span> <span class='ocrx_word' id='word_1_248' title='bbox 976 2172 1000 2197; x_wconf 87' lang='lat' dir='ltr'><strong>a</strong></span> <span class='ocrx_word' id='word_1_249' title='bbox 1026 2158 1227 2211; x_wconf 86' lang='lat' dir='ltr'><strong>principio,</strong></span> 
     </span>
     <span class='ocr_line' id='line_1_37' title="bbox 109 2208 494 2257; baseline 0.01 -12"><span class='ocrx_word' id='word_1_250' title='bbox 109 2208 314 2257; x_wconf 78' lang='lat' dir='ltr'><strong>citharista,</strong></span> <span class='ocrx_word' id='word_1_251' title='bbox 339 2210 486 2250; x_wconf 84' lang='lat' dir='ltr'><strong>dicere</strong></span> <span class='ocrx_word' id='word_1_252' title='bbox 477 2214 494 2238; x_wconf 69' lang='lat'><strong>&#39;⁴</strong></span> 
     </span>
    </p>
   </div>
  </div>
 </body>
</html>
