1470 2402
143 85 226 126 308
292 85 372 126 DE
401 84 667 136 OFFICIIS,
698 85 799 125 Lm.
820 85 906 127 III.
934 85 1043 127 CAP.
1062 85 1126 128 13.

133 207 270 234 ⁴nosse:
291 195 357 234 sed
367 195 454 243 hoc,
469 203 607 247 praeter
620 194 839 243 dominum,
852 207 968 234 nemo
981 195 1086 234 sciat.
1115 194 1275 246 Quaem,

147 249 179 288 si
197 250 270 288 hoc
289 250 497 289 emtoribus
516 249 691 288 venditor
715 262 793 288 non
816 250 970 297 dixerit,
992 249 1168 302 aedesque
1185 263 1278 290 ven-

147 303 287 342 diderit
310 305 432 356 pluris
460 304 600 351 multo,
630 317 749 356 quam
777 317 817 344 se
844 304 1092 343 venditurum
1118 303 1278 356 putarit,

147 371 246 396 num
264 358 305 397 id
323 359 465 408 injuste
484 366 551 396 aut
569 359 744 410 improbe
762 358 891 398 fecerit
902 359 920 395 ?

205 413 280 451 Ille
299 426 401 462 vero,
422 413 549 465 inquit
567 413 787 464 Antipater.
829 412 939 461 Quid
958 412 1062 452 enim
1081 419 1139 452 est
1155 413 1277 462 aliud,

150 467 292 505 erranti
311 467 413 506 viam
439 480 516 506 non
544 476 755 506 monstrare
779 467 902 529 (quod.
923 466 1092 507 Athenis
1111 480 1283 507 exsecra-

150 521 320 560 tionibus
334 522 498 574 publicis
513 523 704 561 sancitum
723 529 812 570 est),
833 521 865 560 si
882 521 956 560 hoc
973 534 1051 560 non
1070 529 1140 569 est,
1161 529 1285 561 emto-

151 588 234 614 rem
252 576 334 628 pati
352 590 474 623 ruere,
496 585 533 615 et
550 590 619 638 per
638 589 802 615 errorem
822 576 862 614 in
876 576 1091 615 maximam
1106 575 1285 616 fraudem

151 630 367 669 incurrere.
358 633 374 659 ²
417 631 514 670 Plus
544 631 661 669 etiam
689 639 759 678 est,
786 643 906 683 quam
934 630 1039 670 viam
1066 642 1146 669 non
1171 643 1285 672 mon-

152 693 296 723 strare:
327 697 419 723 nam
447 694 503 724 est
528 685 709 724 scientem
735 685 776 724 in
800 697 966 725 errorem
984 685 1151 724 alterum
1170 685 1285 725 indu-

153 752 248 778 cere.
292 739 486 791 Diogenes
512 748 666 779 contra.
657 754 666 763 ·
699 740 812 778 Num
837 747 875 778 te
901 752 1027 778 emere
1052 739 1191 791 coegit,
1215 741 1286 792 qui

154 805 204 832 ne
228 793 403 833 hortatus
427 794 585 846 quidem
611 796 699 833 est?
741 795 830 843 Ille,
857 794 962 846 quod
990 806 1068 832 non
1092 793 1283 846 placebat,

154 848 397 900 proscripsit·
427 857 484 897 tu,
506 849 610 900 quod
629 849 818 901 placebat,
839 848 977 888 emisti.
1011 847 1130 896 Quod
1149 848 1196 898 si,
1216 849 1286 922 qui

155 903 398 965 proscribunt
436 907 464 927 ‘⁴
481 904 614 942 villam
633 905 796 965 bonam,
811 905 986 955 beneque
1010 901 1283 952 aedificatam‚‘’

155 969 233 995 non
254 957 522 996 existimantur
540 958 732 1006 fefellisse,
749 958 864 997 etiam
884 958 916 996 si
934 958 1002 996 ina
1015 969 1086 996 nec
1100 959 1202 997 bona
1215 964 1285 1007 est,

156 1024 226 1050 nec
260 1011 445 1051 aedificata
476 1013 622 1052 ratione
638 1027 650 1057 ς
692 1013 818 1051 multo
846 1013 991 1060 minus,
1027 1011 1096 1064 qui
1126 1011 1289 1053 domum

156 1077 234 1104 non
252 1066 474 1105 laudarunt.
515 1067 597 1106 Ubi
624 1067 727 1106 enim
750 1066 943 1117 judicium
970 1066 1125 1106 emton's
1145 1074 1215 1115 ωε,
1234 1067 1290 1108 ibi

157 1119 263 1158 fraus
283 1121 489 1160 venditoris
508 1135 596 1173 quae
614 1129 739 1173 potest
757 1123 868 1160 esse?
903 1121 972 1160 Sin
992 1128 1122 1160 autem
1141 1120 1289 1161 dictum

158 1187 236 1212 non
256 1187 370 1213 omne
388 1175 649 1227 praestandum
670 1183 745 1221 est;
771 1175 877 1227 quod
895 1175 1043 1213 dictum
1061 1187 1139 1214 non
1159 1183 1228 1223 est,
1248 1176 1290 1214 id

157 1229 420 1280 praestandum
445 1232 591 1281 putas?
632 1229 741 1277 Quid
771 1243 859 1268 vero
888 1237 943 1268 est
971 1229 1140 1279 stultius,
1167 1243 1286 1282 quam

159 1282 410 1332 venditorem,
441 1285 523 1333 ejus
551 1284 620 1331 rei,
650 1296 770 1336 quam
798 1284 952 1331 vendat,
981 1283 1074 1322 vitia
1100 1296 1253 1325 narrare
1268 1287 1286 1324 ἒ

159 1337 256 1388 quid
274 1344 404 1376 autem
431 1345 511 1376 tam
531 1338 758 1386 absurdum,
779 1351 898 1390 quam
918 1339 964 1386 si,
990 1338 1137 1376 domini
1158 1339 1284 1389 jussu,

159 1391 215 1430 ita
232 1404 357 1443 praeoo
375 1392 556 1444 praedicet
570 1395 588 1432 Ρ
619 1396 647 1416 “
663 1392 839 1432 Domum
859 1393 1101 1444 pestilentem
1119 1393 1285 1433 vendo.'’

215 1446 279 1485 Sic
307 1459 411 1497 ergo,
440 1447 481 1485 in
511 1446 745 1499 quibusdam
773 1448 895 1486 causis
923 1446 1065 1495 dubiis,
1095 1460 1142 1486 ex
1169 1448 1290 1488 alterii

160 1507 269 1552 parte
293 1500 511 1540 defenditur
536 1501 727 1549 honestas,
753 1514 802 1540 ex
826 1501 945 1540 alter&
971 1501 1026 1540 ita
1051 1501 1099 1541 de
1123 1502 1288 1543 utilitate

161 1554 315 1604 dicitur,
339 1562 384 1593 ut
407 1555 464 1603 id,
484 1555 589 1608 quod
607 1556 703 1595 utile
727 1555 916 1603 videatur,
936 1567 1014 1595 non
1033 1555 1148 1595 modo
1166 1556 1289 1596 facere

161 1609 369 1648 honestum
387 1609 461 1658 sit,
487 1610 553 1649 sed
571 1610 703 1659 etiam,
718 1622 796 1649 non
810 1610 948 1658 facere,
967 1617 1091 1662 turpe.
1122 1610 1219 1651 Haec
1233 1619 1289 1652 est

161 1663 244 1712 illa,
261 1677 349 1715 quae
363 1664 513 1704 videtur
527 1665 685 1703 utilium
703 1664 786 1704 fieri
804 1677 895 1704 cum
913 1664 1082 1705 honestis
1101 1678 1199 1718 saepe
1213 1666 1290 1705 dis-

163 1718 298 1757 sensio.
329 1718 431 1767 Quae
445 1718 693 1769 dijudicanda
706 1726 817 1759 sunt:
843 1731 921 1758 non
941 1719 1060 1767 enim,
1080 1727 1126 1758 ut
1143 1734 1288 1772 quaere-

162 1785 307 1821 remus,
328 1773 591 1824 exposuimus,
607 1773 673 1812 sed
686 1780 732 1813 ut
746 1773 1036 1824 explicaremus.
1065 1773 1183 1812 Non
1173 1775 1290 1826 igitur

164 1826 316 1867 videtur
329 1839 399 1866 nec
417 1827 691 1868 frumentarius
705 1827 771 1866 ine
785 1827 976 1876 Rhodios,
990 1840 1060 1866 nec
1073 1827 1135 1868 hic
1150 1829 1291 1868 aedium

164 1881 353 1930 venditor,
370 1882 491 1921 celare
504 1889 668 1921 emtores
681 1881 870 1922 debuisse.
898 1882 1040 1934 Neque
1054 1883 1158 1923 enim
1177 1883 1217 1923 id
1235 1890 1290 1922 est

164 1935 300 1983 celare,
321 1935 512 1988 quidquid
525 1937 701 1976 reticeas.
731 1936 797 1976 sed
816 1949 920 1984 cum,
941 1936 1047 1988 quod
1064 1944 1108 1975 tu
1127 1937 1245 1999 scias‚·
1250 1937 1289 1976 id

163 1988 340 2040 ignorare
359 1990 610 2031 emolumenti
628 1990 687 2031 tui
704 2003 820 2031 causa
838 1991 932 2030 velis
951 2003 1028 2039 eos,
1049 2004 1216 2053 quorum
1234 1992 1291 2031 in-

165 2043 272 2082 tersit
289 2044 330 2082 id
348 2044 453 2084 scire.
484 2044 573 2085 Hoc
591 2052 722 2084 autem
741 2045 890 2084 celandi
908 2057 1030 2096 genus
1045 2045 1160 2097 quale
1174 2046 1236 2094 sit,
1256 2054 1291 2086 et

164 2098 275 2146 cujus
289 2097 470 2148 hominis,
486 2099 574 2151 quis
591 2112 670 2139 non
688 2098 817 2139 videt?
844 2099 959 2141 Certe
972 2111 1050 2138 non
1051 2100 1199 2160 operti,
1214 2112 1289 2143 non

163 2151 362 2204 simplicis,
383 2165 461 2193 non
480 2153 654 2209 ingenui,
675 2165 752 2195 non
765 2153 876 2204 justi,
892 2165 970 2197 non
990 2152 1062 2195 viri
1075 2154 1188 2203 boni;
1210 2168 1289 2196 ver-
