1470 2402
231 113 308 159 174
382 112 459 151 m:
489 111 751 161 LEGIBUS,
781 84 1181 152 1831181581.

225 220 307 273 ipse
333 221 452 260 haeres
479 228 587 269 85581,
616 222 914 272 praetermissum
940 221 1098 267 fuisset;
1127 233 1267 272 eaque
1275 233 1342 272 pe-

225 276 338 313 cunia
355 288 432 313 non
451 275 577 314 minor
595 282 690 313 esset
703 276 804 314 facta
817 289 906 314 cum
925 275 1116 327 superiore
1133 275 1343 323 exactione,

226 342 347 380 quam
365 329 578 368 haeredibus
597 330 775 368 omnibus
794 338 889 369 85581
906 331 1060 375 1811813ς
1091 329 1159 382 qui
1177 341 1262 367 eam
1276 342 1345 380 pe-

226 384 381 421 cuniam
401 384 597 435 exegisset,
612 384 751 431 solum,
772 384 852 422 sine
870 384 1142 430 cohaeredibus,
1162 383 1276 421 sacris
1289 383 1347 421 al-

225 436 348 488 ligari.
378 437 487 484 Quin
507 438 621 475 etiam
647 445 794 486 cavent,
820 445 879 485 ut,
900 439 961 477 cui
985 438 1073 490 plus
1091 438 1263 488 legatum
1282 437 1345 484 sit,

226 504 346 542 quam
376 492 456 529 sine
485 492 666 542 religione
690 505 821 543 capere
844 493 969 540 liceat,
996 493 1042 540 is,
1068 505 1137 544 per
1161 504 1211 529 ωε
1237 498 1275 529 et
1298 490 1348 528 li-

225 546 351 593 bram,
370 545 560 583 haeredem
575 546 791 584 testamenti
809 547 943 595 solvat,
962 553 1163 598 propterea
1180 544 1284 597 quod
1302 557 1348 583 eo

226 598 310 637 loco
335 612 394 637 res
412 610 482 648 est,
509 600 563 638 ita
588 600 712 638 5011113
730 599 962 650 haereditate,
986 601 1096 652 quasi
1119 613 1163 638 ea
1187 599 1350 651 pecunia

228 653 353 704 legata
372 666 449 691 non
469 661 575 692 esset.

282 707 403 745 XXI.
434 708 522 746 Hoc
540 721 610 759 ego
628 708 726 755 loco,
744 708 955 760 multisque
972 709 1071 755 aliis,
1092 720 1222 760 quaero
1240 720 1265 745 a
1281 718 1349 746 vo-

228 760 302 808 bis,
334 762 525 809 Scaevolae,
556 763 752 814 pontifices
781 763 959 811 maximi,
989 770 1026 802 et
1049 762 1238 810 homines,
1262 773 1351 799 meo

230 815 386 866 quidem
414 815 572 865 judicio,
603 817 825 867 acutissimi,
857 817 951 868 quid
979 817 1041 865 sit,
1075 816 1179 868 quod
1207 815 1257 854 ad
1272 816 1351 877 ,jus

230 869 471 919 pontificium
487 871 596 908 civile
615 871 814 922 appetatis.
844 871 978 910 Civilis
997 870 1101 910 enim
1115 870 1213 920 juris
1232 869 1352 908 scien-

230 923 286 961 tia
314 924 555 990 pontificium
587 925 755 976 quodam
784 926 900 964 modo
929 925 1084 964 tollitis:
1123 937 1216 962 nam
1248 936 1353 963 sacra

231 990 322 1015 cum
336 979 513 1029 pecunia,
526 979 752 1030 pontificum
771 980 1006 1028 auctoritate,
1027 979 1137 1017 nulla
1150 979 1247 1029 1888,
1264 990 1354 1016 oon-

229 1032 364 1080 juncta
390 1041 489 1071 511111.
533 1034 684 1084 Itaque,
711 1034 742 1072 si
768 1047 834 1072 vos
860 1033 1129 1072 tantummodo
1156 1031 1354 1084 pontifices

233 1086 375 1134 essetis,
415 1086 641 1137 pontificalis
673 1098 843 1126 maneret
875 1088 1105 1126 auctoritas:
1136 1086 1215 1133 sed,
1247 1085 1352 1137 quod

232 1138 349 1177 iidem
361 1141 459 1189 juris
478 1141 596 1179 civilis
615 1142 702 1180 estis
720 1142 952 1193 peritissimi,
981 1142 1054 1180 hac
1072 1140 1228 1179 scientia
1245 1140 1353 1178 illam

232 1193 396 1232 eluditis.
429 1195 581 1233 Placuit
601 1196 646 1233 P.
664 1197 770 1234 Scaev
771 1197 856 1244 olae,
886 1204 924 1234 et
943 1195 1197 1241 Coruncanio,
1226 1194 1353 1245 ponti-

231 1247 367 1286 ficibus
400 1250 596 1297 maximis,
625 1250 796 1302 itemque
826 1250 982 1298 caeteris,
1012 1250 1081 1301 qui
1110 1248 1353 1287 tantumdem

232 1310 425 1352 caperent,
456 1311 646 1354 quantum
675 1317 806 1343 omnes
835 1304 1016 1352 haeredes,
1047 1303 1160 1342 sacris
1192 1302 1353 1353 alligari.

234 1354 374 1394 Habeo
396 1358 461 1406 jus
486 1357 738 1408 pontificium.
783 1358 891 1406 Quid
918 1358 995 1397 huc
1020 1357 1173 1396 accessit
1200 1369 1247 1394 ex
1269 1357 1356 1406 jure

234 1408 368 1448 civili?
406 1411 626 1450 partitionis
645 1420 760 1464 caput
785 1413 970 1463 scriptum
989 1419 1111 1473 caute,
1132 1419 1176 1449 ut
1200 1418 1355 1449 centum
1405 1444 1410 1451 .

232 1464 387 1501 nummi
405 1464 688 1504 deducerentur.
719 1467 882 1505 Inventa
900 1474 956 1505 est
980 1466 1089 1513 ratio,
1111 1478 1178 1503 cur
1196 1464 1359 1516 pecunia

234 1529 428 1562 sacrorum
457 1521 632 1558 1110185113
662 1521 897 1560 liberaretur.
952 1520 1070 1568 Quod
1105 1520 1137 1557 51
1168 1519 1254 1566 1108,
1288 1518 1358 1580 qui

235 1578 508 1611 testamentum
527 1574 703 1624 faciebat,
732 1589 862 1614 cavere
880 1575 1077 1623 noluisset,
1098 1573 1307 1611 admonet
1293 1585 1358 1622 Ju-

235 1625 482 1666 risconsultus
500 1628 563 1666 1118
583 1629 768 1681 quidem
759 1643 839 1681 ipse
859 1629 1031 1677 Mucius,
1051 1627 1224 1680 pontifex
1238 1626 1356 1675 idem,

238 1686 281 1716 ut
298 1680 428 1719 minus
447 1683 584 1733 capiat,
606 1697 724 1735 quam
743 1684 923 1722 omnibus
936 1683 1152 1721 haeredibus
1161 1681 1359 1742 ‘relinqua-

237 1740 312 1771 tur.
356 1733 617 1790 [Superiores]
648 1737 837 1786 dicebant,
870 1737 939 1790 qui
968 1737 1063 1788 quid
1090 1736 1261 1787 cepisset,
1291 1734 1360 1772 ad-

237 1788 384 1839 stringi.
425 1790 577 1829 Rursus
596 1792 709 1830 sacris
727 1792 948 1830 liberantur.
990 1792 1080 1830 Hoc
1097 1803 1186 1829 vero
1199 1789 1297 1827 nihil
1310 1788 1361 1826 ad

237 1842 507 1892 pontificium
493 1859 572 1894 Jus,
593 1853 630 1884 et
649 1859 669 1884 e
688 1846 815 1884 medio
834 1854 890 1884 est
904 1847 990 1895 jure
1009 1845 1125 1893 civili,
1145 1851 1202 1890 ut,
1223 1856 1291 1895 per
1309 1856 1360 1881 aes

237 1903 276 1933 et
288 1896 443 1945 libram,
463 1898 654 1938 haeredem
669 1900 885 1938 tastamenti
899 1900 1061 1947 solvant,
1078 1906 1115 1937 et
1128 1898 1262 1936 eodem
1276 1897 1360 1935 loco

238 1961 297 1987 res
323 1951 384 1999 sit,
413 1953 522 2003 quasi
548 1967 591 1991 ea
615 1954 778 2006 pecunia
802 1955 928 2005 legata
952 1966 1030 1992 non
1055 1959 1163 2000 asset,
1185 1952 1216 1989 51
1233 1951 1280 1997 15,
1300 1950 1363 1988 8111

238 2002 411 2053 1883111111
438 2014 507 2053 851,
534 2008 738 2059 stipulatus
763 2015 820 2046 851
843 2008 1028 2059 idipsum,
1059 2005 1165 2059 quod
1188 2006 1360 2055 legatum

238 2064 309 2105 est,
331 2066 374 2096 ut
393 2073 437 2097 ea
454 2062 616 2111 pecunia
634 2075 681 2100 ex
702 2062 945 2114 stipulatione
963 2062 1158 2107 debeatur,
1179 2060 1304 2111 sitque
1318 2071 1362 2096 oe

241 2121 319 2149 non
341 2110 523 2163 [alligata
543 2118 675 2153 sacris.
683 2117 699 2168 ]

240 2188 243 2190 ·
296 2165 319 2186 ¹
342 2166 363 2187 ¹*
387 2167 408 2187 ¹
435 2167 591 2207 doctum
617 2170 815 2209 hominem
842 2183 957 2209 sane:
988 2169 1099 2219 cujus
1124 2167 1201 2206 fuit
1218 2166 1363 2206 Accius

241 2219 537 2270 perfamiliaris.
567 2224 633 2263 sed
656 2237 828 2265 mensem
853 2224 1002 2273 (credo)
1023 2232 1240 2264 extremum
1258 2220 1363 2269 anni,
