1470 2402
201 136 281 174 336
426 134 504 174 DE
533 132 891 182 SENECTUTE,
913 132 1018 173 CAP.
1039 133 1076 172 4.

200 255 388 291 accusare,
408 241 513 295 quod
531 251 626 282 esset
644 242 912 282 accusandum.
953 241 1074 289 Nam,
1095 240 1127 280 si
1144 240 1185 279 id
1205 240 1321 293 culpa

201 298 403 336 senectutis
422 298 619 343 accideret,
647 297 780 336 eadem
799 297 896 335 mihi
914 309 987 334 usu
1007 295 1213 343 evenirent,
1232 296 1321 334 reli-

201 352 363 404 quisque
377 352 555 390 omnibus
573 352 783 400 majoribus
801 358 919 388 natu:
951 362 1116 402 quorum
1130 363 1201 401 ego
1217 349 1322 387 mul-

201 414 329 444 torum
355 419 514 457 cognom
540 413 771 444 senectutem
797 405 877 443 sine
909 403 1087 456 querela;
1118 404 1186 456 qui
1216 416 1255 442 se
1284 410 1322 442 et

201 460 409 498 libidinum
427 460 586 498 vinculis
604 460 751 498 laxatos
778 472 857 497 esse
880 471 957 496 non
983 459 1141 497 moleste
1164 458 1320 505 ferrent,

200 527 271 552 nec
295 528 318 552 a
343 514 420 552 suis
445 514 736 565 despicerentur.
800 512 876 551 Sed
903 513 1079 551 omnium
1105 511 1323 550 istiusmodi

202 569 445 619 querelarum
463 569 503 606 in
523 568 694 606 moribus
713 575 768 605 est
787 568 913 619 culpa,
933 579 1011 605 non
1025 567 1065 604 in
1078 573 1198 604 aetate.
1229 566 1323 604 Mo-

203 622 325 660 derati
344 623 460 669 enim,
482 630 519 660 et
543 635 611 660 nec
630 621 800 660 difficiles
814 634 883 660 nec
900 621 1104 659 inhumani
1123 632 1243 667 senae,
1263 627 1323 658 to·

201 676 399 715 lerabilem
419 684 539 728 agunt
559 683 789 714 senectutem
805 690 814 713 ε
845 675 1114 727 importunitas
1125 682 1269 724 autem,
1285 681 1324 712 et

198 730 462 768 inhumanitas
481 731 587 769 omni
606 730 708 768 aetati
725 731 885 768 molesta
903 738 970 768 est.

257 786 420 823 Loelius.
450 786 536 831 Est,
558 794 601 823 ut
619 785 726 833 dicis,
747 784 855 823 Cato.
900 783 976 822 Sed
1001 783 1157 822 fortasse
1183 782 1324 821 dixerit

203 839 410 890 quispiam,
431 839 515 886 tibi,
536 847 689 890 propter
708 851 797 890 opes
821 846 857 877 et
879 838 1005 889 copias
1031 845 1068 876 et
1095 837 1323 888 dignitatem

202 901 325 941 tuam,
360 894 653 931 tolerabiliorem
687 901 918 931 senectutem
948 892 1092 937 videri3
1122 891 1163 929 id
1191 898 1321 929 autem

202 959 279 985 non
295 960 403 999 posse
417 947 550 985 multis
562 947 789 998 contingere.
823 948 931 986 Cato.
952 946 1048 985 Est
1037 954 1134 984 istuc
1146 945 1319 997 quidem,

203 1001 318 1046 Laeli,
339 1002 511 1053 aliquid3
557 1001 621 1040 sed
640 1014 888 1052 nequaquam
906 1000 947 1038 in
966 1000 1038 1038 isto
1057 1007 1147 1039 sunt
1164 999 1320 1038 omnia.

202 1063 248 1093 ut
279 1055 558 1094 Themistocles
588 1055 708 1094 fertur
738 1050 914 1107 Seriphio
943 1054 1096 1093 cuidam
1124 1054 1165 1092 in
1191 1053 1322 1104 jurgio

201 1109 451 1160 respondisse,
473 1123 561 1147 cum
580 1110 645 1147 ille
664 1109 833 1156 dixisset,
853 1121 931 1147 non
950 1121 1039 1147 eum
1064 1108 1148 1155 sua,
1169 1107 1234 1146 sed
1251 1120 1325 1159 pa-

201 1163 285 1201 triae
303 1164 425 1214 gloria
445 1163 683 1215 splendorem
698 1171 913 1202 assecutum
928 1177 938 1200 ε
971 1165 999 1185 “
1013 1163 1110 1210 Nec,
1123 1161 1321 1210 hercule?

200 1216 343 1268 inquit,
366 1220 394 1239 “
415 1217 446 1255 si
465 1230 534 1268 ego
553 1217 750 1268 Seriphius
769 1230 902 1265 essem,
923 1217 1085 1262 nobilis;
1114 1228 1184 1254 nec
1201 1223 1259 1262 tu,
1290 1215 1323 1254 si

201 1271 450 1310 Atheniensis
480 1284 590 1318 esses5
622 1272 744 1309 clarus
773 1283 944 1322 unquam
978 1270 1155 1308 fuisses?
1202 1269 1322 1317 Quod

201 1325 335 1364 eodem
353 1325 468 1363 modo
487 1325 534 1363 de
553 1333 742 1363 senectute
752 1333 875 1376 potest
892 1324 978 1363 dici.
1008 1325 1149 1376 Neque
1162 1324 1265 1362 enim
1279 1323 1322 1361 in

202 1380 357 1418 summa
374 1379 505 1431 inopia
522 1379 615 1417 levis
634 1392 712 1417 esse
731 1387 902 1417 senectus
920 1386 1056 1430 potest,
1085 1391 1134 1416 ne
1159 1377 1322 1429 sapienti

202 1433 384 1485 quidem:
415 1446 484 1471 nec
502 1433 708 1484 insipienti,
730 1434 845 1471 etiam
863 1433 904 1471 in
923 1434 1077 1471 summa
1097 1432 1219 1483 copia,
1240 1443 1319 1470 non

202 1487 339 1538 gravis.
368 1488 583 1538 Aptissima
609 1487 766 1525 omnino
786 1495 888 1533 sunt,
909 1487 1036 1538 Scipio
1054 1494 1091 1525 et
1117 1486 1230 1534 Laeli,
1258 1498 1320 1523 ar-

201 1554 268 1580 ma
280 1542 481 1580 senectutis
485 1550 617 1589 a‚rtes‚
631 1542 990 1593 exercitationesque
1002 1541 1203 1587 virtutum,
1216 1553 1319 1592 quae,

200 1596 242 1633 in
268 1597 374 1634 omni
401 1604 509 1634 aetate
537 1596 662 1643 mkae,
683 1609 771 1634 cum
795 1596 966 1633 multum
994 1595 1138 1647 diuque
1164 1594 1318 1643 vixeris,

201 1649 381 1688 mirificos
419 1650 579 1688 efferunt
614 1650 788 1696 fructus3
826 1662 903 1688 non
936 1650 1061 1688 solum
1093 1649 1185 1700 quia
1216 1660 1319 1686 nun-

202 1716 321 1764 quam
340 1704 531 1753 deserunt,
552 1717 601 1742 ne
618 1705 659 1742 in
679 1712 849 1743 extremo
864 1703 1020 1756 quidem
1039 1710 1209 1754 tempore
1228 1709 1319 1740 aeta-

201 1758 264 1806 tis,
287 1761 541 1810 (quamquam
560 1759 601 1796 id
619 1759 836 1796 maximum
855 1766 926 1804 est)
942 1769 1075 1796 verum
1095 1757 1210 1796 etiam
1225 1756 1319 1808 quia

201 1813 428 1851 conscientia
446 1815 544 1851 bene
562 1820 654 1851 actae
668 1813 769 1861 vitae,
789 1813 1079 1864 multorumque
1103 1810 1319 1850 benefacto-

201 1878 292 1904 rum
310 1866 530 1915 recordatio,
548 1866 826 1916 jucundissima
845 1874 910 1905 oet.

256 1920 331 1958 IV.
361 1920 449 1971 Ego
468 1921 519 1969 Q.
541 1921 765 1959 Maximum
779 1925 885 1964 (eum
904 1920 972 1973 qui
983 1919 1199 1958 Tarentum
1217 1931 1320 1958 rece-

199 1973 275 2025 pit)
294 1974 508 2013 adolescens
532 1975 587 2013 ita
611 1975 728 2014 dilexi
754 1988 896 2022 senem,
917 1982 962 2012 ut
988 1973 1200 2026 aequalem:
1238 1979 1319 2011 erat

203 2028 307 2065 enim
321 2028 362 2066 in
380 2028 448 2067 illo
467 2029 547 2067 viro
573 2030 749 2068 comitate
774 2029 924 2067 condita
946 2029 1109 2080 gravitas
1125 2042 1139 2065 ε
1166 2040 1235 2066 nec
1259 2039 1318 2065 se-

201 2090 333 2120 nectus
362 2095 485 2121 mores
520 2091 734 2122 mutaverat
751 2098 760 2121 :
805 2095 1042 2135 quamquam
1076 2094 1165 2120 eum
1198 2081 1319 2120 colere

202 2136 299 2186 coepi
324 2148 402 2174 non
428 2137 637 2175 admodum
656 2137 840 2188 grandem
858 2146 966 2183 natu,
992 2136 1056 2175 sed
1082 2143 1210 2174 tamen
1232 2136 1316 2184 jam

202 2196 313 2228 aetate
326 2200 567 2242 provectum:
582 2204 683 2229 anno
694 2192 796 2230 enim
807 2199 892 2243 post
906 2191 1038 2230 consul
1049 2190 1219 2242 primum
1231 2189 1317 2227 fue-

200 2250 274 2293 rat,
290 2257 409 2297 quam
428 2258 497 2297 ego
515 2253 628 2286 natus
645 2259 732 2287 sum
748 2260 759 2287 z
775 2259 943 2298 cumque
953 2258 1012 2293 eo,
1027 2251 1209 2298 quartum
1228 2254 1320 2283 oon-
