1470 2402
441 66 478 107 Τ
484 64 695 108 IMAEUS.
715 68 820 107 CAP.
841 70 879 107 5.
1146 66 1227 106 433

92 182 226 216 autem
246 185 283 216 et
302 176 572 230 adspectabile,
591 177 764 231 itemque
785 177 996 223 tractabile,
1016 189 1132 216 omne
1157 189 1225 216 ne-

94 243 196 270 cesse
226 239 282 271 est
311 245 403 281 esse,
425 233 531 285 quod
561 240 698 271 natum
725 240 792 271 est.
843 232 956 271 Nihil
984 245 1111 284 porro,
1141 232 1224 284 igni

92 297 274 334 vacuum,
304 287 423 325 videri
442 295 589 339 potest:
621 300 690 326 nec
709 301 798 326 vero
827 287 948 338 tangi,
969 287 1074 338 quod
1097 294 1224 326 careat

90 340 212 379 solido
229 356 240 379 ε
282 341 450 380 solidum
469 350 600 380 autem
620 342 732 387 nihil,
753 342 859 393 quod
878 351 986 379 terrae
1006 341 1053 379 sit
1072 355 1220 393 expers.

91 395 374 443 Quamobrem,
401 397 596 434 mundum
626 396 773 435 efficere
803 396 981 443 moliens,
1009 396 1119 434 Deus
1149 404 1224 434 ter·⁴

88 460 172 487 ram
186 450 359 501 primum
370 451 578 502 ignemque
589 452 789 502 jungebat.
819 450 967 490 Omnia
982 459 1113 489 autem
1128 450 1222 496 duo,

89 503 139 542 ad
158 504 444 552 cohaerendum,
475 506 632 544 tertium
652 505 801 557 aliquid
819 505 1035 557 requirunt,
1056 513 1092 543 et
1112 505 1224 557 quasi

90 558 238 597 nodum
260 559 537 611 vinculumque
562 560 788 598 desiderant.
819 559 895 599 Sed
915 559 1158 598 vinculorum
1182 559 1224 597 id

90 621 146 651 est
160 614 403 665 aptissimum
424 623 540 666 atque
558 614 878 666 pulcherrimum,
900 614 1018 666 quod,
1039 627 1088 652 ex
1108 627 1147 653 se
1166 622 1225 652 at·

92 680 169 719 que
199 667 247 706 de
275 669 336 707 his
367 683 455 721 quae
485 668 701 720 adstringit,
737 681 856 721 quam
890 668 1063 707 maxime
1094 681 1223 707 unum

92 722 218 761 efficit.
250 723 299 762 Id
317 725 463 775 optime
488 724 717 775 assequitur,
750 737 838 776 quae
865 723 1000 761 Graece
1023 730 1222 770 Αναλογια,

90 776 232 816 Latine
262 778 502 821 (audendum
523 786 578 816 est
597 778 715 825 enim,
737 778 922 829 quoniam
942 777 1024 816 haec
1048 777 1223 829 primum

91 840 114 870 a
144 833 255 871 nobis
292 840 516 882 novantur),
551 835 803 884 comparatio,
829 834 1114 884 proportio-ve,
1147 831 1223 870 dici

92 891 229 938 potest.

146 941 199 980 V.
231 941 401 990 Quando
417 942 520 980 enim
540 942 658 980 trium
679 942 739 980 vel
754 954 1019 989 numerorum,
1041 942 1102 981 vel
1121 942 1222 994 figu-

88 1009 236 1044 rarum,
264 996 325 1035 vel
355 1009 691 1058 quorumcumque
722 1009 922 1048 generum,
949 974 1173 1048 contingit?
1179 1004 1224 1035 ut

91 1051 198 1103 quod
220 1051 394 1089 medium
422 1051 484 1099 sit,
516 1052 574 1090 uti
606 1051 778 1113 primum
811 1051 1069 1103 propomone,
1103 1051 1156 1090 ita
1182 1051 1224 1090 id

91 1114 286 1158 postremo
331 1114 587 1168 comparetur,
631 1106 875 1158 xicissimque
923 1114 968 1144 ut
1004 1115 1226 1145 extremum

90 1173 181 1199 cum
199 1160 341 1209 medio,
363 1161 415 1200 sic
434 1160 609 1199 medium
631 1172 721 1199 cum
745 1160 887 1212 primo,
909 1160 1152 1206 conferatur-3
1182 1160 1224 1199 id

89 1215 196 1268 quod
214 1215 388 1254 medium
403 1225 473 1264 est,
494 1223 581 1254 tum
595 1216 768 1268 primum
782 1215 841 1263 fit,
858 1225 942 1253 tum
958 1223 1221 1267 postremum3

86 1278 281 1322 postrema
299 1283 388 1309 vero
408 1278 445 1310 et
469 1271 595 1323 prima
619 1270 748 1308 media
773 1269 884 1308 fiunt.
935 1270 996 1308 Ita
1022 1270 1224 1309 necessitas

90 1325 206 1376 cogit,
227 1331 272 1363 ut
290 1325 420 1364 eadem
443 1325 520 1364 sint
539 1338 597 1374 ea,
618 1338 706 1377 quae
728 1325 921 1374 disjuncta
945 1324 1127 1364 fuerunt:
1159 1338 1223 1363 ea-

87 1379 178 1418 dem
198 1386 329 1418 autem
355 1393 446 1419 cum
472 1379 574 1418 facta
596 1380 686 1426 sint,
714 1379 890 1426 efficitur,
911 1387 955 1417 ut
985 1379 1116 1418 omnia
1147 1379 1224 1417 sint

88 1446 228 1472 unum.
258 1433 378 1481 Quod
392 1435 424 1473 si
442 1434 700 1473 universitatis
714 1446 850 1485 corpus
862 1434 1025 1485 planum
1041 1441 1077 1472 et
1093 1447 1224 1485 aequa-

89 1489 168 1528 bile
187 1488 456 1540 explicaretur,
472 1501 598 1540 neque
622 1488 663 1526 in
683 1501 728 1526 eo
747 1488 964 1540 quidquam
984 1496 1079 1526 esset
1093 1488 1223 1539 requi-

90 1543 235 1588 situm3
266 1555 391 1581 unum
421 1544 666 1593 interjectum
687 1543 876 1589 medium,
905 1550 942 1580 et
961 1555 1000 1580 se
1017 1542 1163 1594 ipsum,
1185 1550 1224 1581 et

89 1611 135 1637 ea
146 1598 289 1650 quibus
301 1605 396 1636 esset
414 1597 698 1649 interpositum,
712 1597 919 1648 colligaret.
951 1596 1041 1643 Sed,
1056 1609 1147 1635 cum
1159 1610 1222 1635 so-

90 1653 220 1692 liditas
241 1652 390 1691 mundo
409 1659 642 1704 quaereretur
658 1665 670 1698 ς
701 1651 823 1691 solida
841 1659 971 1689 autem
994 1651 1126 1689 omnia
1144 1663 1225 1689 uno

89 1707 220 1747 medio
252 1719 469 1759 nunquam,
497 1707 648 1745 duobus
682 1719 845 1758 semper,
877 1706 1133 1757 copulentur,
1122 1719 1132 1729 ·
1168 1706 1224 1744 ita

88 1761 263 1814 contigit,
279 1769 338 1809 ut,
358 1761 457 1800 inter
474 1761 606 1812 ignem
625 1767 662 1799 et
676 1767 832 1809 terram,
849 1773 991 1812 aquam
1011 1760 1122 1798 Deus
1141 1759 1225 1798 ani-

91 1826 278 1869 mamque
296 1824 468 1868 poneret,
489 1829 611 1868 eaque
628 1815 728 1854 inter
746 1828 786 1854 se
805 1822 1056 1867 compararet,
1072 1822 1110 1853 et
1133 1828 1226 1866 pro·

90 1871 267 1924 portione
285 1872 559 1922 conjungeret,
590 1877 648 1918 ut,
669 1869 1029 1931 quemadmodum‘
1019 1869 1119 1921 lgnis
1138 1869 1223 1907 ani-

91 1939 184 1974 mae,
218 1926 271 1964 sic
303 1925 434 1964 anima
466 1938 606 1977 aquae3
647 1925 830 1977 quodque
861 1924 992 1962 anima
1021 1937 1145 1976 aquae,
1184 1922 1226 1962 id

93 1994 198 2033 aqua
215 1988 340 2027 terrae,
360 1980 605 2042 proportione
624 1979 808 2018 redderet.
857 1979 950 2027 Qua
973 1991 1021 2017 ex
1039 1979 1225 2028 conjunc-

91 2035 196 2074 tione
216 2035 355 2074 coelum
373 2035 428 2073 ita
446 2042 582 2087 aptum
603 2042 672 2082 est,
689 2042 734 2072 ut
752 2035 824 2072 sub
843 2034 1068 2085 adspectum
1087 2041 1125 2071 et
1143 2040 1224 2071 tac-

92 2096 182 2129 tum
199 2089 321 2128 cadat.
369 2089 525 2141 Itaque,
545 2098 583 2129 et
600 2090 650 2128 ob
670 2102 756 2128 eam
775 2101 946 2135 causam,
968 2095 1005 2126 et
1023 2087 1101 2126 ab
1090 2087 1138 2126 1is
1165 2099 1226 2125 re-

91 2144 182 2192 bus,
202 2156 365 2183 numero
383 2151 563 2197 quatuor,
582 2143 721 2183 mundi
741 2150 797 2182 eet
815 2156 954 2195 corpus
967 2141 1228 2190 effectum,ea

94 2206 358 2238 constructum
376 2199 634 2252 proportione,
654 2212 733 2252 qua
753 2198 859 2237 dixi.
902 2211 952 2236 ex
975 2209 1053 2249 quo
1077 2196 1159 2250 ipse
1187 2210 1228 2236 se

153 2254 344 2305 (Philos)
364 2265 394 2292 v
399 2264 471 2294 01..
503 2264 568 2292 n.
918 2254 943 2276 '
966 2263 990 2290 P
