1470 2402
171 107 224 146 64
271 105 349 147 DE
378 106 799 159 DIVINATIONE,
817 108 918 149 Lm.
931 107 993 148 11.
1008 107 1115 149 CAP.
1132 107 1218 148 13.·

122 228 127 236 ·
170 221 225 254 tes
238 223 444 270 motusque
461 216 616 267 diffusa,
636 217 731 270 quid
747 217 888 257 habere
910 224 1037 269 potest
1065 226 1285 264 commune,

169 280 249 307 non
263 269 403 319 diam,
423 272 677 323 gallinaceum
697 272 777 310 fel?
806 277 913 316 (sunt
931 272 1050 319 enim,
1063 271 1131 323 qui
1149 269 1210 308 vel
1226 282 1289 307 ar-

169 323 370 374 gutissima
383 325 464 364 11ωο
492 334 580 364 exta
598 339 676 364 esse
694 326 837 374 dicant)
855 341 865 364 ε
897 325 962 364 sed
979 326 1079 364 tauri
1096 323 1215 376 opimi
1229 323 1289 372 je-

168 389 251 426 cur,
275 386 343 417 aut
371 393 449 428 cor,
469 388 536 418 aut
562 381 711 432 pulmo,
740 380 834 432 quid
859 380 975 419 habet
996 379 1182 426 naturale,
1210 389 1290 429 quo

167 429 350 471 declarari
366 434 497 485 possit,
517 434 612 486 quid
629 434 806 472 futurum
818 434 896 473 sit?

223 485 351 525 XIII.
381 487 625 526 Democritus
644 496 773 526 tamen
790 501 868 526 non
892 487 1025 526 inscite
1042 492 1224 539 nugatur,
1243 491 1290 524 ut

171 539 375 591 physicus:
407 555 484 594 quo
502 555 639 594 genere
657 542 754 580 nihil
772 542 1020 593 arrogantius.

225 617 254 638 “
275 613 393 663 Quod
412 624 467 654 est
486 624 573 654 ante
591 616 720 668 pedes,
740 628 853 655 nemo
879 622 1046 668 spectat:
1077 614 1159 654 coeli
1186 626 1290 654 scru-

386 677 517 708 tantur
534 671 708 723 plagas.''

168 753 319 795 Verum
337 757 370 796 is
388 765 531 807 tamen,
547 759 682 798 habitu
703 766 879 798 extorum
899 766 937 798 et
955 758 1092 807 colore,
1107 757 1289 797 declarari

168 818 294 849 censet
311 811 393 850 haec
412 812 614 862 duntaxat,
633 814 768 865 pabuli
786 827 921 865 genus,
936 821 974 852 et
991 825 1124 851 earum
1142 825 1287 861 rerum,

169 876 266 915 quas
284 873 383 904 terra
407 876 589 918 procreet,
616 869 677 906 vel
702 869 929 917 ubertatem,
949 867 1010 906 vel
1035 866 1260 905 tenuitatem
1273 879 1285 903 ε

170 918 434 958 salubritatem
453 921 582 969 etiarn,
603 929 671 960 aut
687 922 957 974 pestilentiam,
973 921 1070 960 extis
1085 919 1289 972 significari

167 980 291 1023 putat.
336 974 375 1013 Ο
401 975 603 1013 mortalem
628 977 810 1014 beatum!
842 976 904 1015 cui
929 983 1029 1014 certo
1055 975 1130 1014 scio
1148 973 1288 1012 ludum

167 1038 369 1079 nunquam
387 1028 564 1068 defuisse.
594 1030 799 1068 Hunccine
816 1029 1014 1068 hominem
1031 1028 1147 1067 tantis
1165 1027 1290 1067 delec-

168 1088 292 1119 tatum
321 1095 399 1121 esse
426 1084 553 1134 nugiS,
583 1091 627 1122 ut
653 1096 731 1123 non
757 1084 913 1132 videret,
940 1091 1026 1122 tum
1051 1083 1228 1121 futurum
1245 1081 1289 1121 id

166 1135 382 1185 verisimile,
404 1136 435 1175 si
453 1138 627 1175 omnium
646 1137 840 1193 pecudum
859 1146 948 1176 exta
961 1137 1095 1176 eodem
1114 1144 1287 1188 tempore

166 1188 209 1226 in
241 1191 421 1228 eumdem
448 1191 625 1230 habitum
657 1205 696 1231 se
723 1193 964 1244 coloremque
995 1192 1286 1230 converterent?

166 1242 256 1291 Sed,
273 1244 305 1282 si
323 1245 457 1284 eadem
475 1245 571 1285 hora
588 1246 673 1284 aliae
690 1246 845 1299 pecudis
860 1247 968 1296 jecur
985 1245 1151 1283 nitidum
1170 1252 1287 1297 atque

165 1296 326 1349 plenum
346 1307 415 1347 est,
435 1299 520 1338 aliae
538 1300 736 1339 horridum
755 1307 794 1339 et
811 1300 934 1346 exile;
965 1299 1059 1352 quid
1084 1307 1154 1348 est,
1181 1298 1287 1351 quod

165 1349 348 1390 declarari
366 1354 484 1405 possit
507 1354 642 1393 habitu
670 1362 848 1393 extorum
874 1362 911 1392 et
936 1355 1058 1392 colore
1072 1355 1090 1392 Ρ
1119 1353 1188 1391 An
1213 1353 1287 1392 hoc

168 1405 340 1454 ejusdem
365 1407 471 1446 modi
497 1415 566 1455 est,
594 1409 708 1461 quale
727 1408 1014 1460 Pherecydeum
1042 1407 1154 1455 illud,
1181 1406 1287 1458 quod

166 1468 223 1497 est
241 1473 265 1498 a
283 1467 321 1500 te
338 1460 511 1500 dictum?
540 1463 621 1514 qui,
641 1475 732 1502 cum
757 1475 899 1515 aquam
924 1461 1079 1500 vidisset
1097 1474 1145 1500 ex
1163 1468 1284 1513 puteo

167 1512 360 1564 haustam,
381 1523 489 1554 terrae
507 1526 657 1555 motum
676 1517 774 1555 dixit
795 1517 985 1555 futurum.
1025 1516 1185 1561 Parum,
1205 1527 1286 1553 cre-

166 1567 232 1615 do,
252 1568 507 1620 impudenter,
522 1571 639 1622 quod,
653 1584 742 1609 cum
753 1570 875 1610 factus
893 1578 988 1609 esset
1005 1578 1147 1615 motuS,
1164 1569 1288 1607 dicere

167 1622 324 1671 audent,
345 1637 432 1676 quae
451 1625 506 1663 vis
525 1625 565 1663 id
584 1625 769 1664 effecerit:
801 1626 965 1663 etiamne
987 1624 1165 1662 futurum
1190 1635 1284 1671 esse,

166 1688 279 1727 aquae
306 1678 411 1729 jugis
442 1679 565 1717 colore
592 1679 840 1731 preasentiunt
853 1681 871 1717 ἓ
911 1678 1045 1717 Multa
1072 1675 1288 1716 istiusmodi

166 1729 348 1770 dicuntur
377 1732 418 1770 in
448 1733 609 1772 scholis:
639 1733 718 1782 sed,
750 1733 898 1772 eredere
926 1733 1072 1781 omnia,
1106 1731 1206 1781 vide,
1236 1742 1287 1770 ne

168 1795 245 1822 non
265 1794 313 1824 s1t
331 1798 490 1825 necesse.

225 1838 374 1878 Verum
401 1841 477 1879 sint
505 1853 594 1880 sane
620 1841 694 1880 ista
718 1840 961 1880 Democritea
987 1852 1102 1879 vera:
1132 1837 1288 1891 quando

167 1904 213 1931 ea
231 1904 299 1931 nos
325 1894 420 1933 extis
447 1896 711 1947 exquirimus?
740 1903 808 1934 aut
832 1895 986 1947 quando
1011 1893 1158 1946 aliquid
1185 1894 1286 1943 ejus-

169 1946 275 1984 modi
293 1949 342 1986 ab
367 1948 579 2001 haruspice,
600 1949 776 2001 inspectis
801 1949 912 1999 extis,
938 1947 1187 1987 audivimus?
1215 1947 1284 1986 Ab

169 2001 273 2051 aqua
287 2010 354 2040 aut
372 2004 421 2041 ab
439 2003 521 2055 igni
538 2004 707 2055 pericula
723 2011 905 2042 monent:
935 2011 1021 2041 tum
1033 2001 1285 2048 haereditates,

169 2060 254 2091 tum
280 2055 436 2106 damna,
456 2058 709 2096 denuntiant:
739 2058 872 2096 fissum
896 2057 1084 2096 familiare
1107 2064 1145 2094 et
1173 2055 1288 2093 vitale

163 2114 350 2147 tractant:
380 2119 495 2163 caput
517 2111 652 2162 jecoris
678 2124 727 2150 ex
749 2112 856 2150 omni
873 2118 981 2164 parte
998 2108 1287 2162 diligentissime

163 2162 401 2202 considerant
414 2179 426 2203 ε
456 2165 488 2203 si
507 2178 594 2204 vero
617 2165 659 2206 id
676 2177 753 2204 non
774 2173 830 2205 est
847 2165 1064 2214 inventum,
1091 2163 1190 2207 nihil
1212 2175 1286 2216 pu-

169 2222 254 2255 tant
272 2217 438 2258 accidere
455 2219 623 2272 pomisse
641 2219 797 2260 tristius.
