1470 2402
533 141 713 181 PHAEN
716 141 890 181 OMEN
891 143 944 181 A.
1226 144 1306 180 455

178 251 311 300 Quem
329 252 448 291 rutilo
465 252 639 304 sequitur
657 251 847 290 collucens
866 265 1022 304 corpore
1041 251 1177 304 Virgo.
1225 253 1306 290 325

175 307 285 346 Exin
303 308 482 360 projectae
500 307 602 346 claro
620 319 711 345 cum
729 306 879 345 lumine
898 306 1032 346 Chelae
1047 321 1059 352 ς

177 361 348 414 Ipsaque
365 361 611 414 consequitur
628 361 760 399 lucens
779 361 837 399 vis
855 374 999 412 magna
1018 362 1176 413 Nepai:

176 416 278 456 Inde
297 417 571 468 Sagittipotens
589 415 727 454 dextra
744 415 892 454 flexum
912 423 1015 455 tenet
1034 429 1166 455 arcum
1182 430 1193 454 z

179 470 276 510 Post
293 471 399 509 hunc
417 483 481 508 ore
499 471 579 509 fero
601 469 858 522 Capricornus
877 471 1012 509 vadere
1030 471 1180 522 pergit:

180 525 385 564 Humidus
402 524 492 563 inde
509 525 585 563 loci
603 525 764 564 collucet
781 525 983 576 Aquarius
1002 525 1099 564 orbi.
1226 526 1308 564 330

178 580 288 619 Exin
307 580 541 632 squamifero
560 588 752 632 serpentes
771 579 893 618 sidere
913 580 1067 619 Pisces:

177 634 302 684 Queis
321 647 448 673 comes
467 642 523 673 est
541 634 658 672 Aries
676 635 836 672 obscuro
854 634 1004 673 lumine
1022 635 1170 686 labens,

178 689 409 742 Inflexoque
427 701 530 741 genu
549 690 718 751 projecto
737 701 891 740 corpore
910 689 1083 738 Taurus,

177 745 235 784 Et
254 744 413 783 Gemini
431 744 579 782 clarum
595 745 782 794 jactantes
800 743 980 782 lucibus
970 756 1113 795 ignem.

177 799 278 839 Haec
297 799 354 838 sol
373 806 514 837 aeterno
533 798 716 837 convestit
735 798 884 836 lumine
902 798 998 837 lustr
983 812 1083 848 ans,
1222 800 1307 837 335

173 854 324 893 Annua
342 853 544 892 conficiens
562 853 725 892 vertenti
743 860 917 904 tempora
935 866 1060 892 cursu.

174 909 255 948 Hic
273 916 444 960 quantus
462 907 571 946 terris
589 919 787 946 connexus
805 907 961 960 pellitur
980 908 1096 956 orbis,

174 963 444 1004 Tantumdem
462 962 528 1001 ille
546 971 682 1014 patens
702 975 818 1014 supra
837 963 1064 1002 mortalibus
1084 962 1174 1002 edit.

171 1020 250 1059 Sex
269 1018 376 1056 omni
395 1030 545 1070 semper
563 1016 706 1056 cedunt
722 1017 891 1055 labentia
910 1025 1034 1066 nocte,

170 1073 252 1112 Tot
271 1073 411 1111 coehim
430 1085 562 1110 rursus
580 1071 770 1123 fulgentia
788 1071 898 1123 signa
914 1072 1097 1111 revisunt.
1226 1072 1308 1111 340

171 1128 262 1168 Hoc
280 1127 449 1180 spatium
468 1134 625 1165 tranans
644 1125 751 1165 caecis
770 1138 848 1164 nox
867 1126 1017 1165 conficit
1036 1126 1199 1175 umbris,

171 1182 292 1231 Quod
312 1195 429 1234 supra
447 1189 565 1220 terras
584 1181 712 1233 prima
731 1180 779 1219 de
798 1189 907 1219 nocte
926 1181 1103 1220 relictum
1124 1189 1180 1219 est

172 1237 366 1290 Signifero
385 1249 435 1275 ex
453 1237 559 1284 orbe,
581 1244 619 1274 et
637 1236 835 1287 signorum
856 1248 904 1274 ex
923 1235 1055 1274 ordine
1075 1236 1233 1275 fultum.

173 1292 295 1342 Quod
316 1291 348 1330 si
366 1290 456 1330 solis
476 1303 564 1329 aves
583 1298 704 1329 certos
723 1303 947 1342 cognoscere
964 1304 1112 1339 cursus,

172 1347 296 1388 Ortus
315 1346 517 1398 signorum
537 1353 726 1384 nocturno
745 1355 918 1396 tempore
936 1346 1033 1384 vises
1050 1360 1061 1383 :
1226 1348 1307 1386 345

173 1402 282 1442 Nam
303 1413 454 1453 semper
474 1400 630 1452 signum
650 1400 825 1439 exoriens
844 1400 965 1438 Titan
985 1400 1102 1440 trahit
1121 1413 1259 1441 unum.

173 1457 243 1497 Sin
262 1464 394 1496 autem
412 1455 582 1494 officiens
600 1455 720 1507 signis
739 1467 852 1493 mons
870 1456 1041 1494 obstruet
1059 1456 1176 1505 altus,

170 1512 260 1551 Aut
278 1510 451 1550 adiment
468 1510 596 1548 lucem
615 1510 715 1549 caeca
734 1509 898 1562 caligine
917 1511 1066 1557 nubes;

173 1566 307 1606 Certas
325 1565 409 1618 ipse
427 1571 538 1603 notas
556 1565 641 1604 coeli
660 1564 708 1603 de
727 1565 896 1616 tegmine
916 1578 1086 1612 sumens,

172 1621 295 1661 Ortus
315 1628 432 1672 atque
450 1619 578 1658 obitus
596 1632 731 1659 omnes
750 1632 975 1672 cognoscere
992 1621 1124 1672 possis.
1222 1622 1304 1661 350

175 1676 278 1725 Quae
297 1675 414 1714 simul
433 1674 634 1723 exsistant,
655 1687 810 1721 εει-Πῶς
841 1688 929 1727 quae
951 1683 1123 1727 tempore
1142 1675 1278 1715 eodem

173 1730 424 1782 Praecipitent
442 1729 594 1768 obitum
614 1737 804 1768 nocturno
823 1738 1009 1782 tempore,
1030 1742 1173 1769 nosces

170 1787 199 1825 J
203 1798 267 1824 am
287 1785 405 1824 simul
423 1790 468 1822 ut
487 1797 605 1836 supra
622 1797 662 1823 se
681 1792 760 1823 toto
780 1784 928 1823 lumine
949 1784 1096 1824 Cancer

169 1839 342 1888 Extulit,
363 1839 560 1891 extemplo
579 1839 680 1878 cedit
699 1839 855 1892 delapsa
875 1839 1041 1887 Corona,

167 1895 223 1935 Et
241 1895 325 1933 loca
344 1893 519 1942 convisit,
541 1893 664 1933 cauda
683 1901 810 1943 tenus,
832 1894 955 1934 infera
974 1894 1108 1933 Piscis.
1219 1895 1302 1935 355

168 1949 389 1989 Dimidiam
408 1948 578 1988 retinens
596 1949 716 1988 stellis
734 1949 915 1988 distincta
931 1947 1085 1989 Corona

169 2005 327 2044 Partem
347 2004 465 2042 etiam
484 2015 617 2056 supra,
633 2012 750 2056 atque
763 2004 838 2042 alia
852 2003 900 2042 de
918 2012 1026 2056 parte
1044 2004 1198 2057 repulsa
1216 2012 1299 2044 est:

167 2059 303 2109 Quam
322 2066 452 2097 tamen
471 2058 688 2111 insequitur
708 2058 845 2106 Piscis,
865 2071 936 2097 nec
954 2066 1056 2097 totus
1075 2058 1124 2097 ad
1142 2061 1302 2099 umbras

167 2115 350 2162 Tractus,
372 2112 438 2152 sed
457 2126 596 2165 supero
615 2121 809 2152 contectus
829 2126 984 2165 corpore
1003 2113 1117 2152 cedit.
1213 2115 1300 2154 359

163 2170 301 2222 Atque
318 2168 502 2206 humeros
521 2181 645 2220 usque
657 2181 680 2206 a
694 2168 872 2219 genibus,
889 2169 1114 2219 clarumque
1132 2168 1302 2208 recondit

163 2223 442 2276 Anguitenens
461 2222 598 2260 validis
616 2233 807 2274 magnum
826 2236 849 2260 a
869 2222 1078 2261 cervicibus
1094 2224 1297 2275 Anguem.

161 2281 257 2319 Jam
276 2290 366 2317 vero
384 2276 657 2330 Arctophylax
677 2289 753 2315 non
775 2277 886 2328 aequa
907 2285 1014 2329 parte
1033 2286 1182 2317 secatur
1198 2293 1209 2316 :
