1470 2402
201 122 277 160 168
361 120 439 160 DE
469 120 731 170 LEGIBUS,
755 119 855 158 LIB.
876 119 936 159 ΙΙ.
956 119 1064 160 CAP.
1087 119 1150 159 15.

196 229 336 281 agresti
354 230 592 282 immanique
611 228 703 276 vita,
725 228 867 267 exculti
885 227 934 267 ad
960 227 1256 277 humanitatem,
1282 235 1322 268 et

197 284 364 335 mitigati
395 297 551 323 sumus:
595 286 799 334 Initiaque
827 291 872 322 ut
903 283 1158 335 appellantur,
1197 282 1253 321 ita
1279 295 1323 322 re

197 339 288 376 vera
306 339 493 390 principia
511 339 599 377 vitae
617 337 890 389 cognovimus:
921 350 1046 389 neque
1075 337 1201 375 solum
1230 349 1319 376 cum

198 392 333 431 laetitia
356 393 507 431 vivendi
530 392 716 430 rationem
742 392 969 444 accepimus,
1001 391 1066 430 sed
1089 391 1205 429 etiam
1230 403 1322 430 cum

200 460 278 498 spe*
292 447 448 485 meliore
469 446 670 485 moriendi,
707 445 816 493 Quid
845 453 974 484 autem
999 446 1097 484 mihi
1122 445 1320 497 displiceat

201 499 263 550 [in
283 501 515 553 nocturnis,]
532 505 656 553 poe'tae
673 500 844 538 indicant
863 500 1009 539 comici.
1045 499 1139 548 Qua
1168 499 1324 538 licentia

198 555 338 594 Romae
357 556 460 602 data,
482 555 668 607 quidnam
694 555 830 606 egisset
850 555 930 603 ille,
948 555 1016 606 qui
1033 554 1075 592 in
1094 553 1323 592 sacrificium

197 609 404 661 cogitatam
433 609 634 648 libidinem
667 609 813 655 intulit,
846 621 924 660 quo
950 621 1000 647 ne
1021 607 1323 660 imprudentiam

197 664 357 715 quidem
371 664 570 703 oculorum
582 663 695 713 adjici
709 662 766 701 fas
777 662 878 702 fuit?
897 663 1068 701 Atticus.
1089 662 1155 700 Tu
1169 675 1258 701 vero
1271 661 1324 700 is-

198 726 279 756 tam
297 718 435 757 Romae
453 718 579 769 legem
597 724 729 769 rogato
744 731 756 755 ε
786 717 895 755 nobis
906 724 1052 756 nostras
1062 729 1112 755 ne
1124 716 1322 754 ademeris.

252 772 347 810 XV.
379 773 560 810 Marcus.
591 772 660 810 Ad
675 778 820 810 nostras
831 771 949 823 igitur
960 779 1152 817 revertor3
1181 771 1324 822 quibus

196 826 368 878 profecto
387 826 677 878 diligentissime
696 825 943 864 sanciendum
962 832 1031 874 aet,
1052 832 1097 863 ut
1113 825 1325 863 mulierum

197 881 345 918 famam
364 881 578 919 multorum
606 880 724 919 oculis
743 881 813 918 lux
829 880 930 918 clara
948 879 1149 927 custodiat,
1169 879 1324 918 initien-

195 941 337 986 turque
357 948 400 974 eo
419 935 495 972 ritu
517 935 659 983 Cereri,
681 947 758 987 quo
778 935 916 972 Romae
933 933 1144 972 initiantur.
1175 932 1268 981 Quo
1281 933 1324 972 in

195 1001 332 1040 genere
352 989 590 1027 severitatem
608 990 800 1039 majorum
817 990 968 1027 senatus
985 995 1096 1026 vetus
1120 987 1324 1027 auctoritas

198 1042 246 1081 de
270 1042 590 1089 Bacchanalibus,
619 1050 656 1080 et
687 1043 903 1090 consulum,
934 1041 1101 1080 exercitu
1134 1042 1321 1089 adhibito,

196 1097 358 1148 quaestio
397 1096 764 1147 animadversioque,
803 1095 980 1134 declarat.
1027 1096 1163 1147 Atque
1192 1096 1323 1134 omnia

195 1158 383 1189 nocturna
412 1154 477 1193 (ne
504 1163 572 1188 nos
598 1150 767 1188 duriores
786 1149 882 1188 forte
901 1149 1145 1197 videamur)
1134 1162 1175 1188 111
1194 1149 1323 1189 media

197 1204 349 1243 Graecia
375 1204 599 1256 Diagondas
619 1204 829 1242 Thebanus
847 1204 931 1254 lege
950 1204 1135 1255 perpetua
1153 1204 1320 1243 sustulit.

197 1259 331 1297 Novos
350 1272 438 1298 vero
458 1258 577 1305 Deos,
599 1266 635 1296 et
653 1259 694 1296 in
713 1258 773 1296 his
788 1258 954 1297 colendis
973 1266 1177 1297 nocturnas
1196 1259 1322 1310 pervi-

196 1313 410 1364 gilationes,
433 1313 484 1352 sic
499 1312 793 1364 Aristophanes,
813 1312 1063 1351 facetissimus
1081 1316 1195 1364 poeta
1219 1320 1322 1352 vete-

196 1367 248 1405 ris
268 1367 475 1414 comoediae,
496 1374 623 1414 vexat,
644 1375 688 1405 ut
707 1366 811 1418 apud
830 1379 921 1404 eum
940 1367 1137 1415 Sabazius,
1169 1374 1207 1406 et
1235 1367 1323 1419 qui-

198 1420 290 1459 dam
310 1422 376 1459 alii
395 1422 465 1460 Dii
483 1421 672 1473 peregrini
694 1420 868 1470 judicati,
890 1433 911 1459 e
939 1421 1089 1460 civitate
1107 1421 1319 1471 ejiciantur.

199 1475 385 1514 Publicus
408 1483 538 1514 autem
561 1475 732 1514 sacerdos
756 1474 1057 1526 imprudentiam
1079 1475 1236 1514 consilio
1255 1489 1323 1514 ex-

196 1530 343 1580 piatam
361 1537 468 1568 metu
486 1530 645 1575 liberet3
677 1529 876 1568 audaciam
900 1529 942 1566 in
965 1529 1210 1568 admittendis
1233 1530 1321 1568 reli-

198 1583 377 1634 gionibus
395 1584 504 1622 foedis
515 1583 687 1633 damnet,
707 1591 822 1635 atque
839 1582 1001 1635 impiam
1017 1583 1175 1634 judicet.

253 1637 283 1675 J
285 1650 349 1676 am
378 1638 462 1676 ludi
491 1638 651 1690 publici,
680 1637 863 1700 quoniam
894 1644 983 1676 sunt
1006 1638 1120 1677 eavea
1148 1638 1323 1690 circoque

199 1691 325 1753 divisi,
360 1692 436 1731 sint
464 1704 667 1744 corporum
700 1692 935 1740 certationes,
965 1705 1080 1731 cursu
1107 1699 1145 1730 et
1170 1692 1322 1744 pugila-

201 1746 318 1795 tione,
352 1747 573 1794 luctatione,
607 1745 880 1798 curriculisque
908 1758 1096 1798 equorum
1123 1759 1245 1798 usque
1273 1746 1322 1784 ad

200 1807 344 1839 certam
371 1801 569 1839 victoriam
593 1799 634 1838 in
660 1800 757 1839 circo
775 1800 1014 1847 constitutis;
1044 1800 1172 1848 cavea,
1192 1807 1322 1848 cantu,

202 1867 307 1903 voce,
327 1867 372 1893 ac
389 1854 544 1904 fidibus,
575 1861 613 1893 et
634 1854 763 1900 tibiis;
793 1854 891 1893 dum
918 1854 1034 1894 modo
1059 1868 1104 1894 ea
1128 1855 1325 1893 moderata

200 1908 291 1956 sint,
311 1917 356 1947 ut
384 1909 469 1961 lege
499 1909 779 1961 praescribitur:
810 1909 992 1948 assentior
1021 1909 1123 1948 enim
1155 1908 1323 1956 Platoni,

202 1961 301 1999 nihil
321 1970 400 2001 tam
426 1963 537 2002 facile
561 1963 602 2001 in
621 1963 769 2002 animos
786 1970 934 2002 teneros
959 1970 1076 2015 atque
1102 1963 1238 2001 molles
1265 1962 1324 2000 in-

202 2015 335 2062 fluere,
357 2030 475 2069 quam
493 2017 616 2056 varios
635 2017 796 2056 canendi
808 2030 943 2063 sonos;
973 2029 1154 2070 quorum,
1170 2016 1245 2055 dici
1259 2016 1325 2054 vix

203 2077 340 2120 potest,
362 2078 507 2122 quanta
526 2071 574 2110 sit
592 2071 648 2110 vis
667 2071 707 2110 in
726 2078 932 2123 utramque
949 2079 1110 2124 partem.
1141 2071 1326 2122 Namque

204 2131 243 2162 et
260 2124 392 2162 incitat
410 2126 648 2176 languentes,
669 2133 707 2164 et
724 2125 955 2177 languefacit
969 2125 1163 2174 excitatos,
1184 2132 1222 2163 et
1239 2131 1325 2163 tum

204 2178 364 2215 remittit
393 2179 554 2227 animos,
589 2187 675 2218 tum
706 2179 918 2229 contrahit:
948 2179 1222 2231 civitatumque
1254 2178 1326 2217 hoc

205 2232 418 2273 multarum
435 2233 476 2272 in
496 2233 647 2275 Graecia
665 2233 852 2284 interfuit,
872 2233 1076 2287 antiquum
1096 2245 1234 2274 vocum
1252 2245 1329 2272 ser·
