1470 2402
210 93 290 135 DE
318 95 746 147 DIVINATIONE,
768 95 870 136 Lm.
892 96 930 137 1.
950 96 1057 138 Car.
1083 98 1146 138 14.
1200 99 1246 138 11

114 205 266 246 fimnos
285 213 400 258 putas
413 209 432 247 Ρ
460 206 661 259 Adspersa
679 214 823 247 temere
840 207 1041 260 pigmenta
1058 208 1098 247 in
1118 209 1254 248 tabula

112 261 188 300 oris
206 260 442 300 lineamenta
460 262 640 313 effingere
654 272 815 314 possunt
830 276 842 307 3
874 276 970 301 num
986 263 1103 302 etiam
1119 264 1157 302 V
1160 276 1251 302 ene-

111 315 164 354 ris
184 315 276 355 Coae
293 316 623 368 pulchritudinem
643 317 773 369 effingi
792 330 902 369 posse
915 317 1159 370 adspersione
1173 319 1252 357 for-

114 370 217 409 tuita
235 379 351 422 putas
367 373 385 410 ἓ
416 372 491 411 Sus
505 379 626 410 rostro
645 372 676 410 si
695 371 808 410 humi
823 373 860 410 A
882 373 1033 411 literam
1053 373 1255 425 impresse-

111 424 177 473 rit,
197 437 295 464 num
321 434 522 478 propterea
545 426 728 478 suspicari
752 427 906 479 poteris,
930 427 1249 466 Andromacham

112 478 236 518 Ennii
254 481 304 519 ab
324 481 370 520 ὠ
388 494 498 533 posse
516 481 711 520 describi?
742 482 934 534 Fingebat
955 482 1187 529 Carneades,
1209 483 1250 521 in

114 533 305 575 Chiorum
324 535 541 588 lapicidinis
560 549 652 575 saxo
671 535 813 575 diffisso
833 550 903 589 cap
905 545 949 575 ut
969 538 1158 576 exstitisse
1174 538 1252 576 Pae

114 589 222 629 nisci.
272 589 412 639 Credo,
443 591 617 644 aliquam
641 603 719 629 non
738 591 966 632 dissimilem
986 592 1168 644 figuram,
1189 592 1256 631 sed

113 652 214 684 certe
233 657 312 684 non
332 646 465 693 talem,
481 655 526 685 ut
546 659 630 686 eam
651 646 794 685 factam
814 660 837 685 a
856 647 982 699 Scopa
1001 647 1155 686 diceres.
1190 647 1255 686 Sic

110 699 215 738 enim
234 713 274 739 se
292 700 462 753 profecto
482 715 540 740 ree
559 700 690 750 habet,
712 710 756 740 ut
782 714 985 755 nunquam
1005 702 1171 754 perfecte
1191 716 1256 742 ve-

112 754 267 794 ritatem
287 768 396 794 casus
415 755 599 795 imitetur.

168 809 290 848 XIV.
320 811 381 849 At
411 823 695 864 nonnunquam
727 825 786 859 ea,
817 825 906 864 quae
934 811 1118 864 praedicta
1148 820 1254 861 sunt,

113 863 245 904 minus
264 865 457 904 eveniunt.
489 866 592 914 Quae
611 866 768 905 tandem
788 866 828 905 id
843 880 904 905 ars
917 879 993 905 non
1010 867 1153 906 habet.
1143 869 1161 896 ⁹
1191 881 1256 906 ea-

112 932 202 957 rum
217 919 302 958 dico
322 921 480 967 artium,
501 934 590 973 quae
603 922 822 971 conjectura
837 922 1096 967 continentur,
1114 929 1152 961 et
1163 931 1255 960 sunt

115 974 341 1026 opinabiles.
371 976 441 1013 An
454 976 646 1014 medicina
660 990 721 1014 ars
736 989 813 1014 non
826 976 1000 1028 putanda
1018 979 1106 1015 est?
1136 989 1256 1028 quam

117 1036 249 1068 tamen
280 1029 408 1069 multa
440 1030 595 1069 fallunt.
639 1030 781 1078 Quid?
821 1033 1096 1093 gubernatores
1128 1044 1258 1070 nonne

117 1082 341 1124 falluntur?
370 1097 419 1123 an
447 1084 691 1124 Achivorum
721 1086 923 1133 exercitus,
945 1094 983 1125 et
1011 1095 1068 1125 tot
1096 1087 1255 1125 navium

117 1148 294 1187 rectores,
310 1151 388 1178 non
408 1139 463 1178 ita
481 1140 641 1192 profecti
660 1149 750 1178 sunt
769 1141 818 1179 ab
836 1141 927 1189 Ilio,

169 1217 199 1238 ‘⁴
219 1215 290 1264 Ut,
311 1216 545 1269 profectione
563 1216 657 1264 laeti,
678 1217 843 1269 piscium
863 1218 1061 1256 lasciviam

170 1271 466 1320 Intuemnturss’
487 1276 549 1314 (ut
568 1272 621 1311 ait
649 1272 862 1319 Pacuvius)
892 1276 920 1295 “
941 1285 1010 1311 nec
1036 1272 1170 1311 tuendi
1196 1286 1256 1312 sa-

278 1325 389 1365 tietas
408 1339 542 1379 capere
561 1329 719 1379 posset?

169 1380 338 1429 Interea,
385 1394 504 1434 prope
545 1382 628 1432 jam
666 1381 862 1421 occidente
898 1382 990 1431 sole,
1029 1382 1256 1422 inhorrescit

277 1447 411 1482 mare3

166 1489 360 1529 Tenebrae
391 1490 738 1544 conduplicantur3
776 1492 975 1545 noctisque
1005 1500 1044 1532 et
1074 1492 1254 1532 nimbum

276 1554 437 1585 oecaecat
457 1546 615 1599 nigror)

114 1634 229 1674 Num
264 1635 384 1688 igitur
420 1644 478 1675 tot
515 1636 815 1676 clarissimorum
854 1637 1000 1677 ducum
1038 1651 1256 1690 regumque

112 1689 363 1742 nauh-agium
393 1691 549 1730 sustulit
579 1701 702 1731 artem
736 1693 1011 1744 gubernandi?
1056 1701 1124 1731 aut
1157 1705 1255 1731 num

113 1744 394 1797 imperatorum
417 1746 575 1785 scientia
603 1746 702 1786 nihil
728 1755 798 1793 est,
819 1747 913 1799 quia
932 1760 1111 1787 summus
1129 1747 1255 1800 impe-

112 1807 217 1838 rator
242 1811 367 1852 nuper
391 1800 507 1853 fugit,
538 1802 680 1842 amisso
707 1802 905 1841 exercitu?
933 1810 1002 1841 aut
1022 1815 1119 1841 num
1138 1815 1256 1854 prop-

111 1862 217 1894 terea
242 1855 353 1894 nulla
381 1863 437 1894 oet
460 1856 682 1908 reipublicae
707 1856 886 1908 gerendae
912 1857 1008 1896 ratio
1027 1866 1144 1910 atque
1162 1870 1257 1910 pru-

111 1908 257 1957 dentia,
270 1909 363 1962 quia
376 1910 502 1949 multa
515 1911 588 1950 Cn.
611 1911 860 1964 Pompeium,
881 1912 1063 1964 quaedam
1083 1912 1147 1951 Μ.
1169 1911 1247 1951 Ca-

114 1970 262 2012 tonem,
282 1966 598 2004 nonnullaetiam
614 1974 652 2006 te
665 1966 810 2019 ipsum,
825 1966 1045 2007 fefellerunt
1059 1969 1078 2006 Ρ
1108 1967 1258 2007 Similis

114 2026 172 2058 est
189 2019 440 2073 haruspicum
458 2021 668 2074 responsio,
694 2022 898 2075 omniqu
924 2022 1131 2075 opinabilis
1155 2021 1255 2061 divi-

113 2074 244 2114 natio.
275 2076 496 2126 conjectura
519 2077 623 2116 enim
643 2076 794 2125 nititur,
814 2078 917 2117 ultra
935 2090 1056 2131 quam
1074 2076 1256 2130 progredi

114 2139 195 2168 non
213 2137 350 2182 potest.
393 2130 456 2170 Ea
473 2130 575 2171 fallit
592 2131 752 2172 fortasse
769 2144 1079 2186 nonnunquam:
1110 2131 1177 2171 sed
1195 2138 1255 2170 ta-

113 2194 207 2224 men
234 2185 285 2224 ad
314 2185 516 2226 veritatem
545 2187 755 2240 saepiaeime
787 2187 947 2240 dirigit·
978 2195 1035 2228 est
1064 2187 1170 2226 enim
1203 2187 1255 2225 ab

113 2238 222 2279 omni
239 2240 655 2296 aternitaoerepefioe,
682 2242 725 2283 in
741 2242 825 2296 qua
841 2255 934 2284 cum
952 2242 1256 2296 peneinnume·
