1470 2402
125 115 206 155 264
297 115 377 156 DE
406 116 671 167 OFFICHS,
701 117 803 158 1113.
824 116 885 157 11.
914 117 1023 158 Car.
1042 119 1083 165 7.

181 226 210 248 “
226 225 359 276 Quem
382 235 577 276 metuunt,
603 226 794 267 oderunt:
824 239 943 280 quem
967 227 1133 281 quisque
1154 224 1250 275 odit,

339 281 496 334 periisse
515 281 702 334 expetit.”

123 388 347 430 Multorum
377 400 508 431 autem
537 392 635 431 odiis
659 393 786 432 nullas
811 406 901 446 opes
926 405 1035 445 posse
1056 391 1250 440 obsistere,

122 445 154 482 si
172 453 284 485 antea
303 446 379 485 fuit
396 447 589 508 ignotum,
610 460 734 499 nuper
752 455 808 486 331
821 448 1031 509 cognitum.
1062 447 1147 485 Nec
1161 457 1250 484 vero

121 498 239 549 hujus
265 502 419 552 tyranni
443 502 583 549 solum,
604 515 721 563 quem
747 502 862 540 armis
888 515 1068 554 oppressa
1091 499 1251 552 pertulit

121 553 268 604 civitas,
289 564 473 607 paretque
493 569 583 594 cum
606 556 777 594 maxime
801 564 969 603 mortuo,
988 555 1165 594 interitus
1183 554 1250 592 de-

121 608 253 656 clarat,
276 618 467 661 quantum
486 610 620 648 odium
639 610 844 649 hominum
863 611 989 649 valeat
1005 610 1055 648 ad
1073 618 1246 661 pestem·
1234 636 1247 654 ,

122 662 187 700 sed
214 664 451 715 reliquorum
478 665 621 703 311111133
647 665 772 704 exitus
791 673 1058 716 tyrannorum,
1079 675 1248 716 quorum

120 716 226 754 haud
245 718 323 756 fere
342 719 549 770 quisquam
569 719 767 757 interitum
787 720 903 758 talem
923 719 1070 770 effugit.
1112 718 1248 756 Malus

120 771 224 809 enim
243 781 368 810 custos
387 772 648 812 diuturnitatis
668 782 812 812 metus:
841 782 1063 826 contraque,
1082 774 1248 812 benevo-

119 824 238 863 lentia
256 826 379 865 fidelis
398 836 472 888 est,
489 828 548 866 vel
567 828 616 866 ad
635 828 942 890 perpetuitatem

174 880 279 919 Sed
268 881 329 928 iis,
351 882 419 933 qui
439 882 476 919 vi
495 895 693 934 oppressos
711 883 872 944 imperio
891 886 1077 928 coercent,
1094 881 1142 920 sit
1157 893 1248 920 sane

118 933 337 973 adhibenda
362 936 520 984 saevitia,
547 945 592 975 ut
617 937 752 975 heris
741 950 782 974 in
807 937 989 984 famulos,
1010 937 1042 975 si
1064 937 1174 975 aliter
1192 944 1248 975 te-

116 989 199 1027 neri
219 1001 295 1028 non
314 999 498 1041 possunt.
531 991 599 1043 qui
626 1004 714 1030 vero
738 991 780 1029 in
805 992 927 1030 libera
952 991 1104 1030 civitate
1128 991 1183 1029 ita
1207 1003 1248 1029 se

117 1042 327 1092 instruunt,
359 1053 404 1083 ut
431 1054 668 1107 metuantur,
702 1045 762 1084 his
789 1046 887 1084 nihil
915 1059 994 1084 3333
1020 1053 1145 1098 potest
1180 1044 1247 1083 de-

117 1098 297 1137 mentius.
335 1098 526 1160 Quamvis
546 1100 649 1138 enim
669 1099 850 1138 demersae
869 1100 945 1139 sint
962 1101 1065 1152 13833
1083 1100 1247 1149 alicujus

116 1152 268 1203 opibus,
291 1153 468 1204 quamvis
494 1154 688 1192 timefacta
706 1154 874 1202 libertas,
895 1162 1097 1206 emergunt
1115 1162 1245 1192 tamen

116 1205 198 1244 haec
226 1206 449 1258 aliquando,
477 1216 544 1246 3111
565 1208 720 1257 judiciis
748 1208 885 1256 tacitis,
914 1216 983 1247 aut
1013 1208 1171 1247 occultis
1198 1207 1247 1246 de

114 1259 258 1299 honore
278 1261 479 1313 suffragiis.
508 1262 687 1301 Acriores
705 1270 836 1301 autem
855 1275 1005 1313 morsus
1023 1270 1113 1300 sunt
1130 1262 1248 1300 intei-

115 1314 243 1353 missae
267 1315 467 1363 libertatis,
492 1329 611 1367 quam
639 1324 805 1354 retentae.
847 1316 967 1364 Quod
993 1317 1112 1368 igitur
1139 1315 1247 1355 latis-

116 1368 213 1407 sime
232 1378 350 1421 patet,
371 1382 496 1422 neque
510 1370 560 1408 ad
573 1371 877 1409 incolumitatem
892 1371 1032 1417 solum,
1049 1370 1115 1409 sed
1129 1370 1246 1409 3113111

115 1422 166 1461 311
185 1436 274 1475 opes
294 1431 332 1462 et
356 1424 569 1476 potentiam
596 1425 697 1463 valet
720 1425 952 1476 plurimum,
970 1425 1012 1463 id
1037 1425 1245 1476 amplecta-

115 1488 220 1526 mur,
240 1486 286 1516 ut
302 1487 428 1518 metus
443 1479 555 1526 absit,
572 1479 706 1518 caritas
720 1479 939 1518 retineatur.
969 1480 1033 1518 Ita
1046 1479 1244 1527 facillime,

115 1544 203 1583 quae
229 1532 416 1582 volemus,
440 1541 477 1572 et
501 1533 659 1586 privatis
685 1533 726 1571 'in
751 1535 879 1581 rebus,
904 1541 941 1572 et
965 1533 1007 1571 in
1031 1533 1244 1585 republica,

113 1598 405 1639 consequemur.
435 1588 609 1635 Etenim,
625 1588 694 1640 qui
709 1601 748 1626 se
761 1587 884 1626 metui
896 1588 1040 1636 volent,
1060 1601 1084 1626 a
1101 1587 1245 1640 quibus

115 1648 352 1690 metuentur‚
374 1642 527 1681 eosdem
545 1650 722 1681 metuant
739 1642 828 1704 ipsi,
847 1655 997 1682 11333333
1006 1649 1083 1681 331.

168 1695 279 1744 Quid
307 1696 410 1735 enim
444 1709 641 1736 censemus
673 1697 908 1749 superiorem
941 1696 1057 1735 illum
1089 1695 1244 1748 Diony-

114 1748 230 1796 sium,
252 1764 331 1802 quo
349 1751 519 1790 cruciatu
545 1751 693 1790 timoris
718 1751 809 1802 angi
835 1751 1024 1790 solitum?
1053 1751 1136 1803 qui,
1161 1751 1244 1790 cul-

113 1810 192 1842 tros
204 1814 380 1844 metuens
394 1806 592 1852 tonsorios,
609 1805 787 1844 candenti
801 1807 962 1844 carbone
974 1805 1046 1844 sibi
1058 1805 1244 1844 adurebat

113 1858 311 1910 capillum.
342 1859 478 1908 Quid?
501 1860 775 1898 Alexandrum
791 1860 997 1898 Pheraeum
1016 1872 1094 1911 quo
1112 1859 1244 1898 animo

113 1912 254 1952 vixisse
273 1914 534 1953 arbitramur?
561 1914 643 1966 qui,
665 1919 726 1958 (ut
745 1914 931 1965 scriptum
949 1913 1132 1965 legimus)
1152 1926 1241 1952 cum

113 1979 276 2005 uxorem
297 1968 460 2007 Theben
480 1968 694 2007 admodum
714 1969 902 2030 diligeret,
923 1976 1068 2016 tamen,
1089 1967 1138 2006 ad
1156 1980 1242 2006 eam

112 2032 161 2058 ex
181 2021 305 2072 epulis
329 2023 371 2060 in
397 2017 619 2062 cubiculum'
645 2023 813 2071 veniens,
841 2024 1063 2068 barbarum,
1087 2030 1125 2060 et
1151 2029 1242 2060 eum

113 2074 272 2125 quidem
292 2079 354 2119 (ut
373 2077 556 2128 scriptum
582 2083 654 2123 est)
681 2084 957 2129 compunctum
981 2076 1081 2114 notis
1100 2075 1242 2114 Threi·-

112 2127 194 2177 ciis,
211 2129 388 2169 destricto
402 2131 531 2182 gladio
545 2132 707 2193 jubebat
721 2131 887 2170 anteire:
909 2130 1243 2182 praemittebatque

111 2181 159 2221 de
191 2183 438 2235 stipatoribus
467 2185 560 2247 31113,
593 2185 661 2238 qui
691 2192 949 2224 scrutarentur
977 2184 1125 2223 arculas
1152 2196 1242 2222 mu-

112 2235 263 2286 liebres,
279 2245 331 2289 et,
348 2251 396 2279 ne
410 2239 539 2292 quod
529 2252 570 2279 in
585 2239 820 2280 vestimentis
834 2239 1088 2280 occultaretur
1102 2239 1240 2286 telum,
