1470 2402
194 60 247 100 48
289 58 367 100 DE
397 59 817 111 DIVINATIONE,
837 60 938 100 Lm.
959 60 994 100 Ι.
1015 59 1121 100 ΟΑΡ.
1142 61 1208 100 55.

193 167 419 230 consulenti,
439 177 705 222 sequereturne
727 169 889 222 Cyrum,
914 178 1162 222 posteaquam
1190 180 1308 221 expo-

194 223 285 271 suit,
312 236 400 275 quae
427 224 498 263 sibi
523 224 762 272 videbantur,
794 224 898 263 “Et
917 231 1090 262 nostrum
1108 223 1311 278 quidem,”

195 277 388 370 3}mess
401 277 622 371 ΞἛίἓέΞ
647 286 704 370 {ff
727 278 957 384 ffffiffs
985 278 1117 370 {33³3
1142 274 1313 370 {333²

196 385 333 431 dum3’
338 386 418 424 'ad
431 399 547 438 quem
566 387 680 425 etiam
694 386 948 424 Athenienses
965 386 1117 438 publice
1131 385 1178 424 de
1190 386 1314 435 majo-

196 439 303 477 ribus
317 441 429 478 rebus
441 453 588 492 semper
599 441 819 478 retulerunt.
837 440 1028 491 Scriptum
1041 447 1097 478 oet
1107 440 1214 487 item,
1224 452 1314 478 cum

200 492 381 541 Critonis,
410 495 470 532 sui
496 494 708 542 familiaris,
737 495 893 533 oculum
915 494 1117 545 alligatum
1145 468 1313 541 vid'isset,

200 547 430 598 quaesivisse,
451 548 544 599 quid
564 556 681 586 esset.
711 560 801 586 cum
819 556 949 586 autem
967 549 1032 586 ille
1050 547 1314 608 respondisset,

197 600 240 638 in
259 614 349 653 agro
374 602 588 640 ambulanti
605 603 799 640 ramulum
819 602 1042 649 adductum,
1068 609 1114 640 ut
1137 601 1316 640 remissus

199 663 308 703 esset,
340 655 381 693 in
413 656 569 694 oculum
597 656 795 701 recidisse;
838 663 924 693 tum
955 656 1138 705 Socrates,
1171 659 1200 678 ‘⁶
1220 655 1314 694 Non

200 709 304 747 enim
322 710 481 761 paruisti
498 710 594 747 mihi
612 709 815 756 revocanti,
836 722 925 747 cum
943 718 1082 757 uterer,
1103 709 1181 761 qua
1199 710 1316 758 soleo,

200 764 464 815 praesagitione
491 763 662 801 divinal’
717 763 829 802 Idem
861 763 976 802 etiam
1009 763 1193 811 Socrates,
1225 776 1316 803 cum

201 817 306 868 apud
335 818 496 856 Delium
523 818 625 856 male
651 825 868 870 pugnatum
897 824 1005 864 esset,
1026 817 1193 856 Lachete
1218 830 1318 870 prae-

202 877 297 920 tore,
327 871 550 923 fugeretque
575 884 663 910 cum
689 872 771 923 ipso
799 871 991 917 Lachete;
1021 879 1066 909 ιιι
1084 879 1242 910 ventum
1261 879 1319 911 ost

200 924 242 962 in
257 925 427 973 trivium,
443 926 591 974 eadem,
607 926 685 978 qua
697 925 833 973 caeteri,
853 925 985 977 fugere
998 925 1133 964 noluit.
1163 925 1319 973 Quibus

202 979 474 1029 quaerentibus,
496 993 562 1018 cur
580 993 656 1019 non
683 980 816 1018 eadem
845 980 907 1018 via
935 988 1120 1031 pergeret,
1140 979 1319 1018 deterreri

202 1045 243 1070 se
261 1046 285 1070 a
302 1033 388 1071 Deo
399 1033 508 1071 dixit.
537 1034 644 1072 Tum
657 1034 813 1085 quidem
825 1033 867 1081 ii,
880 1034 947 1085 qui
962 1034 1039 1071 alia
1051 1034 1114 1072 via
1125 1033 1317 1085 fugerant,

202 1085 243 1124 in
262 1086 431 1125 hostium
450 1088 663 1138 equitatum
681 1087 907 1126 inciderunt.
950 1087 1149 1125 Permulta
1166 1088 1322 1126 collecta

201 1147 293 1178 sunt
310 1142 358 1179 ab
377 1141 599 1192 Antipatro,
620 1156 706 1194 quae
720 1141 942 1180 mirabiliter
953 1155 977 1179 a
990 1142 1141 1180 Socrate
1152 1141 1321 1180 divinata

204 1202 319 1233 sunt:
361 1208 449 1246 quae
484 1196 796 1247 praetermittam.
786 1210 794 1219 ·
840 1196 911 1234 tibi
942 1196 1045 1234 enim
1075 1203 1165 1234 nota
1201 1205 1318 1234 sunt:

202 1248 300 1286 mihi
317 1248 367 1286 ad
385 1250 762 1289 commemorandum
780 1262 857 1288 non
876 1250 1094 1288 necessaria.
1138 1249 1245 1288 Illud
1262 1257 1321 1288 ta-

202 1314 292 1340 men
312 1303 393 1352 ejus
411 1303 628 1365 philosophi
656 1304 904 1366 magnificum
929 1317 973 1342 ac
994 1316 1103 1356 paene
1128 1303 1319 1352 divinum,

203 1356 321 1407 quod,
343 1369 431 1395 cum
444 1357 572 1409 impiis
591 1359 783 1397 sententiis
801 1358 1004 1397 danmatus
1022 1366 1131 1406 esset,
1151 1358 1323 1409 aequissi-

202 1421 268 1447 mo
283 1410 411 1449 animo
424 1423 462 1450 se
476 1412 573 1451 dixit
591 1413 712 1451 mori:
743 1425 867 1474 neque
882 1413 984 1450 enim
999 1412 1114 1450 domo
1128 1411 1322 1463 egredien-

202 1462 249 1511 ti,
273 1476 398 1516 neque
425 1465 523 1504 illud
548 1475 783 1518 suggestum,
803 1467 845 1504 in
874 1479 952 1518 quo
977 1478 1130 1505 causam
1155 1466 1320 1514 dixerat,

205 1517 461 1567 adscendenti,
489 1520 642 1571 signum
667 1521 739 1559 sibi
757 1520 881 1558 ullum
912 1520 1033 1571 (quod
1051 1521 1282 1569 consuesset)
1301 1533 1325 1558 a

204 1571 305 1619 Deo,
319 1573 429 1624 quasi
442 1574 536 1612 mali
554 1574 714 1624 alicujus
732 1574 1001 1636 impendentis,
1022 1574 1168 1612 datum.

260 1600 351 1665 L'V.
379 1626 576 1679 Equidem
594 1629 646 1667 sic
664 1629 839 1675 arbitror,
860 1629 974 1667 etiam
994 1628 1025 1666 si
1041 1628 1167 1666 multa
1184 1627 1322 1667 fallant

204 1692 266 1718 eos
291 1680 359 1732 qui
383 1689 450 1719 aut
472 1690 552 1720 arte
575 1690 643 1720 aut
667 1682 884 1732 conjectura
909 1682 1078 1720 divinare
1105 1681 1319 1730 videantur,

201 1746 281 1772 aese
304 1741 433 1773 tamen
451 1735 724 1774 divinationem
741 1751 752 1774 ε
781 1736 955 1774 homines
972 1745 1115 1783 autem,
1130 1743 1175 1774 ut
1192 1737 1233 1774 in
1251 1749 1324 1775 eae-

203 1788 294 1826 teris
311 1788 469 1837 artibus,
490 1789 542 1828 sic
560 1790 600 1827 in
618 1791 689 1828 hac
706 1802 816 1842 posse
833 1789 928 1828 falli.
986 1790 1117 1828 Potaet
1140 1789 1322 1851 accidere,

202 1848 248 1879 ut
266 1842 422 1893 aliquod
452 1843 620 1894 signum,
640 1844 755 1882 dubie
786 1843 935 1892 datum,
954 1857 1024 1896 pro
1054 1851 1154 1883 certo
1183 1844 1232 1882 sit
1261 1856 1325 1882 ao-

203 1903 370 1947 ceptum.
401 1896 531 1935 Potest
549 1898 705 1949 aliquod
719 1898 886 1944 latuisse,
903 1906 970 1936 aut
983 1898 1125 1950 ipsum,
1138 1906 1206 1936 aut
1219 1897 1324 1950 quod

204 1957 301 1988 oeset
318 1949 376 1987 illi
395 1951 638 1989 contrarium.
694 1952 800 1990 Mihi
818 1960 962 2000 autem,
982 1951 1031 1990 ad
1055 1952 1142 1998 hoc,
1168 1951 1217 1989 de
1244 1964 1323 2003 quo

204 2002 372 2055 disputo,
398 2005 654 2055 probandum,
675 2006 765 2044 satis
793 2014 861 2053 est,
881 2018 958 2045 non
979 2006 1094 2044 modo
1111 2005 1238 2057 plura,
1258 2005 1324 2044 sed

203 2057 320 2095 etiam
338 2058 530 2109 pauciora,
549 2059 676 2098 divine
694 2072 881 2112 praesensa
899 2067 936 2098 et
952 2060 1134 2112 praedicta
1154 2059 1322 2111 reperiri.

258 2111 368 2160 Quin
386 2112 502 2151 etiam
519 2112 592 2152 hoc
610 2126 687 2151 non
705 2114 885 2153 dubitans
907 2114 1098 2152 dixerim:
1140 2113 1173 2152 si
1197 2125 1322 2152 unum

204 2164 351 2218 aliquid
382 2166 437 2206 ita
459 2167 508 2207 sit
539 2167 765 2220 praedictum
793 2180 1118 2221 praesensmnque,
1144 2174 1203 2215 ut,
1232 2179 1322 2207 cum
