1470 2402
166 91 227 129 ’84
283 90 360 130 DE
382 92 799 139 DIVINATIONE,
816 92 914 130 Lm.
932 92 990 130 ΙΙ.
1011 91 1116 130 CAP.
1132 92 1198 129 41.

175 197 268 248 quia
290 199 519 252 plerumque
543 201 680 239 melius
704 200 745 237 id
770 200 854 238 vido
836 201 981 238 essbatur
1020 199 1118 238 Haec
1143 204 1287 250 quanta

174 251 356 291 dissensio
375 255 453 292 est!
485 255 607 301 Quid,
634 254 737 305 quod
755 254 837 292 aliis
856 254 989 292 avibus
1006 260 1182 299 utuntur,
1203 252 1287 289 aliis

175 305 317 356 signis;
349 309 455 346 aliter
474 311 686 355 observant,
716 308 790 345 alia
816 308 1074 358 respondent?
1105 307 1197 344 Non
1221 317 1288 342 ne-

171 371 274 401 cesse
293 368 348 399 est
366 362 488 408 fateri,
504 373 643 412 partun
662 362 798 399 horum
819 374 940 399 errore
958 367 1176 411 susceptum
1194 371 1286 404 esse,

173 413 314 463 partim
333 416 607 466 superstitione,
628 416 751 452 multa
768 415 934 452 fallendo
949 417 965 453 Ρ

229 466 320 505 XL.
337 469 470 520 Atque
483 469 542 507 his
554 469 879 520 superstitionibus
891 481 967 506 non
979 467 1162 506 dubitasti
1173 466 1287 504 etiam

174 521 305 559 omina
329 523 546 573 adjungere.
587 523 750 560 AEmilia
775 522 910 571 Paulo,
938 523 1096 560 Persam
1120 522 1286 571 perisse3

175 574 279 624 quod
297 584 402 626 pater
421 589 533 614 omen
552 577 717 628 accepit:
749 575 901 614 Caecilia
925 576 1058 613 sororis
1077 575 1166 612 filiae
1184 574 1288 616 sedes

176 640 263 665 suas
282 630 439 668 tradere.
492 631 521 668 J
523 644 587 668 am
605 631 686 677 illa,
717 632 743 652 “
765 630 907 667 Favete
924 629 1109 680 linguis,''
1139 635 1175 666 et
1193 641 1290 678 prae-

175 682 400 731 rogativam,
430 697 543 722 omen
568 684 832 722 comitiorum:
863 683 934 721 hoc
964 690 1033 729 est,
1059 683 1187 733 ipsum
1212 693 1290 719 esse

176 744 305 773 contra
325 750 362 774 se
381 738 575 788 copiosum
595 745 631 775 et
649 737 843 775 disertum.
887 736 1056 784 Quando
1078 736 1195 783 enim,
1222 735 1290 773 illa

176 790 390 837 observans,
412 791 541 842 quieto
560 799 597 829 et
613 792 732 829 libero
751 791 879 828 animo
899 803 976 828 esse
989 789 1141 841 poteris,
1161 797 1220 836 ut,
1240 788 1290 826 ad

175 854 256 880 rem
275 844 495 893 gerendam,
515 858 592 883 non
611 844 915 896 superstitionem
928 844 1082 891 habeas,
1099 842 1163 881 sed
1176 842 1290 880 ratio-

174 907 264 933 nem
291 897 458 937 ducem?
489 899 628 939 Itane?
658 899 688 937 si
714 898 799 949 quis
825 897 970 949 aliquid
995 911 1042 935 ex
1062 897 1132 935 sua
1149 910 1204 942 re,
1233 904 1290 933 at-

175 962 250 1000 que
269 963 316 987 ex
335 965 403 990 suo
419 965 602 1000 sermone,
618 952 735 990 dixer·
727 960 780 996 ες
802 959 838 990 31
857 953 938 1001 ejus
956 953 1115 989 verbum
1134 949 1290 1001 aliquod

175 1010 262 1053 apte
279 1005 452 1044 ceciderit
477 1006 525 1043 ad.
549 1006 590 1043 id
615 1006 717 1057 quod
743 1019 830 1056 ages
855 1013 921 1043 aut
945 1004 1139 1056 cogitabis,
1166 1017 1210 1042 ea
1231 1017 1290 1042 res

175 1056 246 1094 tibi
264 1066 331 1096 aut
349 1059 525 1097 timorem
548 1060 690 1107 afferet,
720 1068 787 1096 aut
811 1059 1073 1097 alacritatem?
1104 1058 1205 1096 Cum
1225 1057 1287 1095 M.

176 1109 333 1150 Crassus
359 1113 566 1151 exercitum
592 1089 790 1151 Brundisii
813 1113 1037 1164 imponeret,
1067 1111 1224 1162 quidam
1248 1111 1290 1148 in

174 1172 301 1214 portu,
322 1167 457 1204 caricas
471 1166 604 1204 Cauno
623 1167 795 1205 advectas
814 1166 992 1213 vendens,
1023 1169 1051 1188 “
1071 1165 1289 1211 Cauneas,”

175 1217 406 1258 clamitabat.
436 1220 635 1269 Dicamus,
653 1221 683 1258 si
697 1221 834 1271 placet,
849 1220 1040 1258 monitum
1055 1221 1103 1257 ab
1119 1232 1162 1256 eo
1177 1218 1290 1256 Cras-

174 1283 276 1332 sum,
308 1276 335 1296 ‘⁴
352 1279 515 1321 caveret,
544 1288 590 1312 ue
610 1277 709 1312 iret.-
700 1275 739 1297 ·”
768 1287 845 1312 non
869 1273 985 1312 fuisse
1002 1273 1230 1324 periturum,
1259 1272 1291 1310 si

174 1325 294 1363 omini
316 1327 510 1378 paruisset.
542 1327 642 1375 Quae
667 1328 698 1365 si
720 1327 983 1378 suscipiamus,
1011 1326 1117 1377 pedis
1135 1325 1290 1364 offensio

175 1379 297 1427 nobis,
327 1388 364 1420 et
382 1381 557 1433 abruptio
576 1381 757 1432 corrigiae,
787 1389 824 1419 et
842 1387 1151 1429 sternutamenta,
1178 1386 1289 1418 erunt

177 1434 421 1473 observanda.

229 1488 355 1526 Sortes
372 1497 527 1537 restant,
557 1498 594 1529 et
613 1490 799 1537 Chaldaei,
828 1497 872 1528 ut
889 1489 939 1528 ad
957 1495 1060 1527 vates
1078 1487 1290 1536 veniamus,

175 1547 214 1578 et
231 1541 279 1578 ad
297 1543 456 1581 somnia.
486 1544 710 1582 Dicendum
728 1545 845 1595 igitur
862 1551 974 1595 putas
993 1543 1040 1580 de
1057 1542 1251 1580 sortibus?

228 1594 344 1634 XLI.
374 1597 482 1644 Quid
509 1598 611 1636 enim
644 1611 721 1636 sors
752 1606 828 1636 est
820 1600 837 1625 ⁹
863 1597 966 1635 idem
997 1595 1289 1647 propemodum,

176 1649 280 1710 quod
293 1650 449 1699 micare,
477 1652 580 1702 quod
605 1653 730 1690 talos
715 1665 852 1702 jacere,
876 1649 979 1703 quod
997 1658 1177 1694 tesseras;
1205 1649 1291 1700 qui-

175 1703 277 1741 bus
266 1715 306 1741 111
332 1706 444 1743 rebus
463 1705 652 1744 temeritas
679 1713 715 1743 et
739 1719 861 1752 casus,
890 1716 966 1742 non
990 1703 1085 1741 ratio
1110 1716 1178 1741 nec
1200 1716 1290 1741 con-

175 1755 319 1806 silium,
348 1759 459 1796 valet.
499 1758 602 1797 Tota
625 1772 684 1797 res
709 1768 764 1797 est
784 1759 937 1797 inventa
954 1757 1126 1805 fallaciis,
1155 1764 1222 1794 aut
1240 1756 1289 1794 ad

175 1818 380 1860 quaestum,
409 1820 477 1850 aut
506 1812 555 1850 ad
587 1813 904 1879 superstitionem,
933 1819 1000 1849 aut
1031 1811 1080 1848 ad
1112 1823 1289 1848 errorem.

175 1864 323 1915 Atque,
343 1873 388 1903 ut
404 1866 445 1903 in
463 1867 704 1917 haruspicina
722 1867 894 1913 fecimus,
915 1865 967 1903 sic
985 1865 1194 1911 videamus,
1214 1864 1290 1902 013-

174 1917 410 1956 rissimarum
435 1920 594 1958 sortium
616 1934 703 1972 quae
726 1920 895 1958 tradatur
919 1918 1097 1956 inventio.
1139 1918 1289 1956 Nume-

174 1970 276 2008 rium
300 1972 530 2023 Suffucium,
562 1975 881 2012 Praenestinorum
907 1973 1142 2010 monimenta
1166 1971 1290 2009 decla-

173 2032 274 2072 rant,
300 2025 506 2065 honestum
531 2028 727 2066 hominem
757 2036 794 2066 et
817 2026 999 2073 nobilem,
1028 2024 1183 2064 somniis
1211 2038 1291 2062 cre-

173 2078 265 2124 bris,
295 2079 343 2116 ad
363 2091 578 2119 extremum
598 2082 711 2119 etiam
730 2081 955 2128 minacibus,
985 2092 1072 2118 cum
1094 2079 1290 2128 juberetur

172 2139 272 2169 certo
296 2132 336 2170 in
362 2134 445 2172 loco
471 2135 612 2172 silicem
633 2135 787 2182 caedere,
815 2134 1056 2185 perterritum
1076 2132 1177 2179 risis,
1205 2132 1291 2169 irri-

174 2183 352 2225 dentibus
377 2189 454 2226 suis
473 2188 630 2236 civibus,
659 2188 699 2226 id
719 2201 828 2240 agere
846 2188 1022 2239 coepisse:
1052 2187 1181 2238 itaque
1205 2198 1290 2237 per-
