1470 2402
165 116 246 153 452
519 111 934 151 PHAENOMENA.

164 223 246 262 Hie
264 221 441 261 dextram
458 234 637 273 porgens,
658 221 876 273 quadrupes
902 220 983 273 qua
1001 227 1107 259 vasta
1124 226 1292 266 tenetur,

165 277 299 325 Quam
319 289 432 314 nemo
451 284 552 314 certo
571 275 728 313 donavit
746 275 903 314 nomine
923 275 1102 321 Graium,
1212 275 1292 313 212

166 331 325 377 Tendit,
346 338 383 369 et
401 330 590 368 illustrem
608 329 849 368 truculentus
864 329 962 368 cedit
981 329 1029 367 ad
1043 330 1184 368 Aram.

168 385 249 423 Hic
269 398 347 423 sese
364 384 522 422 infernis
542 384 589 422 de
607 384 781 436 partibus
801 384 913 435 erigit
932 383 1072 435 Hydra

165 439 359 490 Praecipiti
378 439 506 490 lapsu,
527 439 627 477 flexo
653 451 744 476 cum
763 451 918 489 corpore
938 450 1103 490 serpens.
1213 437 1295 475 215

166 493 264 532 Haec
283 501 398 545 caput
417 500 533 544 atque
551 493 679 531 oculos
698 500 879 543 torquens
899 492 949 530 ad
973 499 1080 543 terga
1099 491 1142 530 N
1143 491 1230 543 epa'i
1246 504 1259 537 ;

169 547 429 599 Convexoque
449 547 534 585 sinu
554 547 707 585 subiens
726 546 874 584 inferna
893 545 1051 594 Leonis,

172 602 411 641 Centaurum
433 601 511 639 leni
531 601 717 652 contingit
734 600 883 639 lubrica
901 600 1024 639 caud-21
1040 614 1051 638 ε

173 656 223 694 In
243 656 447 707 medioque
465 656 552 693 sinu
572 655 724 706 fulgens
745 655 902 693 Cratera
921 655 1077 693 relucet.

170 710 406 749 Extremum
426 709 551 747 nitens
569 710 744 760 plumato
759 722 914 761 corpore
936 708 1084 747 Corvus
1220 709 1300 748 220

173 765 316 803 Rostro
337 763 478 809 tundit,
500 771 536 802 et
554 764 619 802 hic
639 763 815 802 Geminis
834 771 890 802 est
907 762 973 801 ille
992 764 1064 801 sub
1082 761 1175 815 ipsis

170 818 397 866 Antemnis,
419 818 538 856 Graio
559 818 733 870 Procyon
753 817 822 870 qui
835 817 992 855 nomine
1005 817 1139 856 fertur.

172 873 271 912 Haec
288 880 391 920 sunt,
413 886 500 924 quae
515 872 638 910 visens
657 879 844 910 nocturno
862 879 1034 923 tempore
1053 871 1177 923 signa,

174 928 462 978 AEternumque
479 927 609 966 volens
626 926 766 965 mundi
783 938 1006 978 pernoscere
1024 935 1192 973 motum,

171 981 368 1032 Legitimo
387 994 514 1020 cernes
533 981 672 1019 coelum
690 980 894 1019 lustrantia
912 993 1038 1018 cursu.
1219 980 1299 1018 225

174 1036 297 1085 Nam,
319 1049 406 1087 quae
424 1048 492 1087 per
509 1035 568 1074 bis
587 1048 654 1073 sex
674 1034 871 1086 signorum
890 1034 1011 1073 labier
1029 1036 1141 1073 orbes

173 1089 360 1142 Quinque
379 1091 503 1128 solent
522 1089 654 1138 stellae,
676 1089 794 1127 simili
811 1089 957 1127 ratione
975 1089 1100 1127 notari

173 1144 267 1182 Non
285 1152 446 1196 possunt
463 1158 475 1190 ς
505 1144 610 1196 quia,
632 1156 709 1195 quo
728 1143 874 1182 faciunt
893 1143 1052 1194 vestigia
1069 1155 1199 1194 cursu,

175 1198 268 1237 Non
291 1198 425 1237 eodem
444 1211 595 1250 semper
614 1198 735 1250 spatio
753 1205 903 1250 portata
920 1204 1108 1236 teruntur.

174 1252 238 1291 Sic
259 1253 411 1291 malunt
430 1266 552 1291 errare
571 1265 678 1303 vagae
696 1265 763 1303 per
781 1252 916 1290 nubila
934 1252 1032 1299 coeli,
1197 1252 1279 1291 230

175 1307 305 1359 Atque
324 1320 410 1345 suos
430 1307 533 1345 vario
548 1315 657 1344 motu
676 1306 846 1344 metirier
865 1308 986 1345 orbes.

177 1361 277 1400 Haec
295 1361 441 1399 faciunt
458 1373 619 1412 magnos
636 1360 840 1412 longinqui
857 1360 1038 1412 temporis
1057 1373 1192 1410 annos,

178 1415 282 1454 Cum
302 1415 461 1454 redeunt
479 1415 528 1453 ad
546 1415 649 1453 idem
668 1415 752 1453 ooeli
771 1416 843 1452 sub
868 1414 1039 1466 tegmine
1057 1415 1226 1466 signum.

178 1470 312 1518 Quare
331 1483 400 1520 ego
419 1482 522 1507 nunc
541 1481 690 1521 nequeo
708 1476 806 1507 totos
825 1469 997 1507 evolvere
1015 1482 1159 1508 cursus.

181 1524 332 1562 Verum
351 1524 446 1571 haec,
468 1537 555 1575 quae
575 1536 723 1574 semper
742 1531 842 1561 certo
861 1523 1070 1561 volvuntur
1087 1524 1128 1561 in
1146 1524 1238 1562 orbe

180 1578 281 1616 Fixa
300 1578 431 1625 simul,
450 1590 610 1629 magnos
631 1575 819 1629 [edicam]
837 1577 1016 1628 gentibus
1036 1579 1157 1616 orbes.
1225 1579 1306 1621 236

180 1632 392 1680 Quattuor,
414 1640 553 1670 aetemo
571 1632 775 1670 lustrantes
794 1631 943 1670 lumine
960 1631 1169 1682 mundum,

181 1687 307 1726 Orbes
328 1686 506 1738 stelligeri
524 1693 717 1738 portantes
737 1686 846 1737 signa
864 1685 1055 1734 feruntur,

182 1741 370 1793 Amplexi
390 1751 528 1779 terram
548 1740 630 1779 coeli
645 1742 716 1779 sub
735 1740 904 1791 tegmine
923 1740 1014 1779 fulti
1029 1755 1041 1779 ε

181 1796 218 1835 Ε
239 1796 380 1848 quibus
399 1808 589 1833 annorum
607 1794 805 1833 volitantia
822 1794 972 1833 lumina
990 1807 1134 1846 nosces,
1222 1795 1303 1836 240

183 1850 286 1898 Quae
304 1849 429 1888 densis
448 1849 624 1888 distincta
642 1849 770 1888 licebit
788 1861 938 1888 cernere
956 1849 1087 1901 signis.

181 1905 291 1943 Tum
310 1904 453 1942 multos
472 1906 581 1943 orbes
598 1916 740 1955 magno
758 1916 848 1942 cum
866 1903 1015 1942 lumine
1031 1905 1143 1955 latos,

182 1959 345 1998 Vinctos
363 1958 462 1997 inter
481 1971 533 2005 se,
554 1966 591 1996 et
609 1958 717 1996 nodis
736 1957 948 1997 eoelestibus
965 1966 1089 2010 aptos,

182 2013 318 2066 Atque
338 2013 421 2065 pari
439 2012 562 2065 spatio
580 2011 655 2050 duo
674 2025 802 2051 cernes
820 2025 899 2051 esse
917 2012 1080 2052 duobus.

183 2068 291 2106 Nam
310 2067 362 2106 sic
381 2076 567 2106 nocturno
585 2079 811 2118 cognoscens
829 2074 1000 2119 tempore
1018 2069 1172 2119 eoelum,
1225 2075 1305 2114 245

184 2121 288 2160 Cum
307 2134 432 2173 neque
451 2121 618 2173 caligans
636 2121 788 2160 detersit
805 2120 928 2160 sidera
945 2122 1082 2171 nubes,

186 2176 228 2214 N
231 2189 272 2214 ec
289 2176 404 2228 pleno
423 2176 551 2214 stellas
569 2176 759 2227 superavit
776 2175 925 2214 lumine
942 2175 1074 2227 Luna,

184 2229 328 2270 Vidisti
347 2242 537 2282 magnum
550 2230 775 2270 candentem
793 2243 942 2282 serpere
959 2230 1116 2271 circum.
