1470 2402
168 112 250 157 254
331 116 409 158 DE
437 112 1114 169 OFFICIIS,L11³.1.CA1›.45.

164 239 241 279 que
264 226 451 276 11111113113,
479 226 608 267 feritas
627 227 676 267 sit
693 228 872 281 quaedam
890 235 928 268 et
945 227 1179 267 immanitas·
1226 226 1290 266 Ita

162 281 221 330 fit,
251 289 296 320 ut
320 281 449 321 vincat
472 282 698 334 cognitionis
723 282 895 322 studium
920 282 1146 322 consociatio
1161 281 1290 321 homi·-

163 346 261 374 num
280 342 396 388 atque
413 335 680 375 communitas.

218 389 304 429 Nec
327 403 461 429 verum
484 398 553 435 est,
580 390 685 442 quod
703 391 841 430 dicitur
859 405 883 430 a
900 391 1147 444 quibusdam,
1173 401 1290 442 prop·

161 451 220 483 ter
236 444 495 483 necessitatem
516 445 617 489 vitae,
638 445 742 497 quod
761 459 818 492 ea,
839 459 927 498 quae
944 453 1083 484 natura
1100 444 1290 484 desidera-

161 505 233 545 ret,
253 499 432 550 consequi
451 499 531 537 sine
550 499 647 546 31113,
667 506 783 551 atque
800 500 959 546 efficere,
979 512 1057 538 non
1075 511 1288 562 possemuS,

161 526 300 591 11161160
325 553 439 591 istam
465 566 544 591 esse
567 566 656 591 cum
675 554 897 592 hominibus
915 554 1232 592 communitatem
1250 559 1290 592 et

160 607 389 645 societatem.
430 606 549 655 Quod
579 607 610 646 si
639 607 769 646 omnia
793 607 917 655 nobis,
949 621 1038 659 quae
1061 607 1111 646 ad
1140 607 1287 646 victum

159 661 386 712 cultumque
404 661 609 712 pertinent,
630 662 739 723 quasi
764 662 916 713 virgula
933 661 1078 724 divina,
1097 668 1143 700 ut
1160 661 1285 710 aiunt,

161 715 523 777 suppeditarentur3
553 722 639 753 tum
659 715 806 767 optimo
821 716 984 768 quisque
997 715 1164 768 ingenio,
1191 728 1287 768 neg-

160 769 247 808 otiis
280 769 460 807 omnibus
492 769 656 817 omissis,
699 776 824 808 totum
853 783 892 809 se
923 770 964 808 in
997 770 1212 821 cognitione
1247 777 1286 809 et

160 823 318 862 scientia
336 823 546 862 collocaret,
577 824 670 862 Non
689 831 745 862 est
762 824 840 863 ita.
871 837 964 863 nam
982 831 1020 863 et
1038 824 1285 863 solitudinem

158 876 321 929 fugeret,
343 885 380 916 et
399 878 543 917 socium
563 878 679 916 studii
697 885 906 930 quaereret·
895 907 905 917 .
936 886 1023 918 tum
1036 877 1182 928 docere,
1198 886 1286 918 tum

158 931 301 970 discere
320 932 447 980 vellet,
474 939 559 970 tum
578 932 724 980 audire,
751 940 836 971 tum
862 932 996 972 dicere.
1043 932 1152 985 Ergo
1169 945 1287 972 omne

157 985 341 1033 officium,
358 986 463 1038 quod
481 986 530 1024 ad
549 987 855 1036 conjunctionem
873 987 1092 1033 hominum,
1109 994 1146 1026 et
1160 987 1209 1026 ad
1224 1001 1286 1026 so-

158 1039 334 1079 cietatem
349 1040 532 1079 tuendam
546 1041 661 1089 valet,
678 1041 990 1093 anteponendum
1005 1048 1061 1081 oet
1073 1041 1131 1080 ini
1145 1041 1284 1091 officio,

160 1094 264 1146 quod
283 1094 498 1145 cognitione
516 1103 554 1134 et
572 1095 728 1134 scientia
747 1096 973 1134 continetur.

214 1148 349 1186 XLV.
380 1149 487 1187 Illud
518 1149 676 1188 forsitan
705 1149 957 1201 quaerendum
987 1149 1049 1198 sit,
1079 1161 1176 1189 num
1203 1150 1291 1190 haec

159 1202 429 1251 communitas,
450 1216 538 1255 quae
554 1204 725 1242 maxime
743 1211 799 1243 est
817 1211 907 1256 apta
925 1212 1086 1252 naturae,
1106 1204 1155 1242 sit
1173 1205 1289 1244 etiam

159 1255 413 1296 moderationi
427 1257 699 1310 modestiaeque
718 1271 868 1309 semper
886 1258 1162 1310 anteponenda.
1192 1260 1286 1299 Non

157 1310 295 1372 placet.
342 1311 442 1350 Sunt
461 1311 564 1350 enim
583 1312 761 1364 quaedam
779 1312 920 1364 partim
939 1312 994 1351 ita
1010 1311 1124 1361 foeda,
1144 1314 1287 1365 partim

158 1364 214 1403 ita
238 1363 439 1417 flagitiosa,
469 1372 515 1404 ut
534 1379 591 1414 63,
612 1378 660 1404 116
679 1366 945 1405 conservandae
970 1366 1127 1418 quidem
1152 1369 1288 1420 patriae

158 1419 287 1468 causa,
317 1420 466 1471 sapiens
490 1419 660 1459 facturus
689 1421 748 1458 sit.
795 1420 859 1459 Ea
877 1420 1105 1460 Posidonius
1133 1423 1287 1474 collegit

158 1473 365 1525 permulta,
395 1474 461 1512 sed
489 1474 544 1513 ita
575 1482 671 1513 tetra
703 1474 897 1526 quaedam,
931 1475 986 1513 ita
1017 1476 1206 1524 obscoena,
1240 1483 1287 1516 ut

160 1527 264 1565 dictu
302 1540 456 1580 quoque
485 1528 687 1567 videantur
715 1528 855 1580 turpia.
928 1529 1027 1568 Haec
1057 1529 1178 1581 igitur
1206 1542 1286 1570 non

157 1581 337 1634 suscipiet
354 1582 574 1634 reipublicae
589 1596 728 1629 causa3
746 1596 795 1621 ne
805 1596 865 1622 res
875 1583 1033 1636 quidem
1047 1585 1202 1636 publica
1214 1596 1294 1637 pro

157 1649 197 1674 se
222 1636 362 1688 suscipi
387 1637 499 1676 volet.
543 1637 619 1676 Sed
644 1637 717 1676 hoc
741 1638 980 1677 commodius
1005 1651 1045 1677 se
1069 1651 1128 1677 res
1153 1639 1288 1688 habet,

156 1689 261 1741 quod
290 1702 367 1729 non
396 1698 521 1742 potest
540 1691 707 1730 accidere
725 1699 892 1744 tempus,
916 1699 962 1730 ut
985 1692 1134 1731 intersit
1154 1693 1287 1746 reipu-

156 1744 281 1792 blicae,
309 1744 525 1797 quidquam
543 1746 698 1784 illorum
717 1745 839 1785 facere
853 1747 1075 1799 sapientem.

210 1773 344 1846 Qiiare
361 1799 434 1838 hoc
451 1799 608 1851 quidem
628 1799 805 1839 effectum
825 1801 887 1848 sit,
906 1801 948 1839 in
966 1799 1098 1840 officiis
1116 1800 1289 1854 deligen-

157 1851 216 1891 dis
234 1852 275 1891 id
300 1865 423 1905 genus
439 1853 650 1893 officiorum
677 1855 874 1902 excellere,
901 1855 1006 1908 quod
1024 1862 1198 1894 teneatur
1215 1856 1293 1895 ho«

156 1907 311 1945 minum
340 1908 539 1947 societate.
571 1908 712 1948 etenim
737 1909 995 1961 cognitionem
1019 1909 1289 1962 prudentiam-

157 1973 234 2011 que
248 1961 421 2013 sequitur
442 1962 677 2002 considerata
694 1963 803 2002 actio.
848 1963 911 2002 Ita
928 1964 986 2011 fit,
1006 1971 1052 2002 ut
1069 1977 1181 2015 agere
1197 1977 1297 2003 con-r

157 2014 319 2054 siderate
341 2016 464 2067 pluris
489 2017 551 2064 sit,
572 2029 691 2069 quam
710 2017 874 2068 cogitare
897 2017 1115 2081 prudenter.
1151 2018 1290 2070 Atque

158 2067 241 2107 haec
272 2070 431 2121 quidem
463 2071 660 2109 hactenus.
709 2071 929 2110 Patefactus
960 2079 1016 2111 aet
1048 2073 1152 2111 enim
1180 2072 1288 2111 locus

157 2122 253 2173 ipse,
281 2131 327 2162 ut
345 2136 422 2163 non
441 2125 490 2163 sit
508 2125 674 2171 difficile,
703 2125 745 2163 in
764 2126 1000 2177 exquirendo
1029 2125 1166 2175 officio,
1190 2125 1287 2178 quid

156 2175 297 2228 cuique
332 2177 380 2215 sit
410 2179 728 2231 praeponendum,
761 2180 901 2219 videre.
955 2180 1006 2219 In
1037 2179 1122 2231 ipsa
1152 2188 1283 2218 autem

155 2232 431 2272 communitate
444 2240 535 2273 sunt
549 2234 691 2286 gradus
704 2233 932 2284 officiorum,
948 2247 995 2274 ex
1011 2234 1166 2288 quibus,
1187 2233 1282 2287 quid
