1470 2402
150 101 226 140 190
309 99 387 139 DE
417 100 678 151 LEGIBUS,
699 100 798 140 Lm.
815 101 1019 142 111.cA12.
1038 103 1101 141 ll.

144 207 311 247 Gracchi
326 208 494 247 fuerunt.
533 209 602 260 Et,
621 216 758 261 praeter
775 223 851 260 eos,
867 209 1041 262 quamvis
1058 221 1257 249 enumeres

143 262 287 300 multos
303 262 392 301 licet
406 277 418 300 ι
448 276 537 301 cum
555 263 644 301 deni
662 271 850 312 creantur,
869 264 1076 302 nonnullos
1092 264 1134 302 in
1152 264 1260 302 omni

143 316 330 354 memoria
347 317 507 369 reperies
533 317 762 369 perniciosos
780 318 952 356 tribunos
968 332 980 364 3
1010 318 1126 367 leves,
1146 317 1261 356 etiam

145 380 223 407 non
242 371 375 419 bonos,
395 371 551 409 fortasse
569 373 709 423 plures.
739 371 892 410 Invidia
910 371 1066 423 quidem
1089 383 1263 410 summus

146 422 242 461 ordo
271 431 393 462 caret:
424 426 552 476 plebes
577 425 625 463 de
647 439 716 464 suo
741 426 828 474 jure
853 426 1081 477 periculosas
1106 432 1262 464 conten-

148 475 268 515 tiones
287 478 413 516 nullas
431 479 532 517 facit.
562 479 840 528 Quamobrem,
867 487 934 517 aut
956 479 1132 530 exigendi
1157 491 1265 530 reges

147 541 225 568 non
243 530 412 580 fuerunt,
427 540 493 570 aut
510 534 614 584 plebi
631 546 686 582 re,
706 545 783 572 non
800 534 929 582 verbo,
941 533 1067 571 danda
1083 533 1263 578 libertas3

147 597 236 635 quae
253 592 382 624 tamen
401 586 453 624 sic
471 587 559 625 data
577 594 646 634 est,
666 594 711 625 ut
728 587 860 625 multis
877 586 1172 639 praeclarissimis
1195 586 1264 624 ad-

149 637 353 686 diceretur,
374 648 418 678 ut
436 641 650 679 auctoritati
666 641 883 693 principum
902 641 1060 680 cederet.

202 691 281 730 XI.
311 693 453 732 Nostra
480 702 610 733 autem
635 708 760 743 causa,
781 709 882 746 quae,
901 695 1046 747 optime
1063 701 1102 733 et
1124 693 1266 733 dulcis-

150 744 245 783 sime
263 746 393 794 frater,
419 748 553 786 incidit
576 749 617 787 in
642 749 883 788 tribuniciam
904 756 1143 801 potestatem,
1169 748 1268 786 nihil

150 799 288 838 habuit
306 803 556 841 contentionis
575 815 664 841 cum
681 803 889 841 tribunatu.
929 803 970 841 N
973 815 1022 841 on
1041 802 1144 841 enim
1158 802 1268 853 plebs

147 851 302 892 incitata
332 857 468 894 nostris
501 858 612 895 rebus
648 856 786 894 invidit
802 871 814 894 ι
861 856 926 895 sed
962 856 1114 895 vincula
1144 856 1270 894 soluta

149 914 254 955 sunt,
275 916 312 946 et
331 910 481 948 servitia
498 910 668 959 incitata,
688 911 868 960 adjuncto
886 918 1026 949 terrore
1051 910 1166 948 etiam
1191 909 1266 947 mi-

146 959 261 998 litari.
301 962 442 1014 Neque
471 965 581 1002 nobis
614 977 703 1002 cum
733 965 803 1002 issa
830 972 916 1003 tum
944 971 1048 1016 paete
1077 970 1268 1002 certamen

149 1013 239 1063 fuit,
260 1015 326 1053 sed
344 1029 433 1055 cum
457 1017 680 1068 gravissimo
697 1018 915 1069 reipublicae
932 1026 1127 1069 tempore3
1157 1017 1219 1055 cui
1236 1017 1271 1055 si

149 1079 228 1105 non
253 1069 458 1119 cessissem,
479 1083 557 1109 non
581 1071 809 1109 diuturnum
840 1072 1012 1110 beneficii
1039 1071 1116 1109 mei
1145 1071 1270 1121 patria

148 1121 320 1160 fructum
354 1124 512 1162 tulisset.
565 1125 700 1175 Atque
731 1125 804 1162 hoc
833 1125 886 1162 rei
919 1125 1043 1163 exitus
1074 1124 1267 1162 indicavit.

148 1174 250 1222 Quis
276 1176 378 1214 enim
405 1190 483 1216 non
508 1177 623 1215 modo
647 1178 756 1226 liber,
783 1177 848 1215 sed
867 1177 981 1215 etiam
1000 1191 1129 1216 servus
1153 1177 1270 1216 liber-

152 1236 230 1266 tate
249 1229 402 1280 dignus,
414 1231 503 1278 fuit,
524 1231 585 1269 cui
603 1239 731 1269 nostra
749 1231 850 1269 salus
868 1244 954 1269 cara
967 1243 1043 1269 non
1063 1239 1158 1270 esset
1171 1233 1189 1270 Ρ

204 1282 323 1329 Quod
342 1284 373 1322 si
387 1284 418 1322 is
437 1297 544 1322 casus
555 1284 687 1323 fuisset
701 1297 842 1332 rerum,
863 1298 957 1336 quas
970 1298 1040 1336 pro
1059 1285 1180 1323 salute
1197 1285 1270 1324 rei-

152 1336 317 1387 publicae
346 1338 545 1388 gessimus,
565 1346 609 1375 ut
627 1350 704 1376 non
729 1339 907 1377 omnibus
925 1346 1055 1389 gratus
1078 1347 1200 1385 esset3
1231 1346 1268 1378 et

151 1390 184 1428 si
212 1402 281 1428 nos
310 1392 568 1429 multitudinis
596 1392 652 1430 vis
679 1392 839 1430 furentis
865 1392 1104 1430 inflammata
1127 1393 1273 1432 invidia

150 1444 382 1495 pepulisset;
413 1446 445 1483 si
463 1445 639 1483 tribunus
658 1446 796 1497 aliquis
813 1446 855 1484 in
872 1459 936 1484 me
952 1446 1141 1497 populum
1157 1447 1272 1489 (sicut

151 1498 347 1536 Gracchus
360 1499 401 1536 in
419 1499 631 1548 Laenatem,
653 1500 882 1538 Saturninus
900 1500 942 1538 in
957 1499 1183 1548 Metellum)
1209 1501 1276 1538 in-.

156 1551 334 1598 citasseu
364 1552 562 1601 ferremus,
589 1566 612 1591 0
635 1553 783 1602 Quinte
799 1554 941 1592 fraterz
972 1554 1274 1593 consolarentur-

152 1617 228 1657 que
253 1618 334 1654 nos,
362 1618 440 1645 non
465 1615 545 1645 tam
570 1607 787 1658 philosophi
813 1607 883 1658 qui
908 1606 1076 1646 Athenis
1097 1607 1268 1656 fuerunt,

155 1659 223 1709 qui
241 1659 313 1698 hoc
331 1659 453 1698 facere
467 1661 620 1709 debent,
636 1674 754 1713 quam
773 1661 969 1700 clarissimi
991 1661 1074 1710 viri,
1095 1662 1177 1714 qui,
1203 1662 1275 1701 illa

154 1714 250 1750 urbe
267 1714 383 1764 pulsi,
404 1727 528 1752 carere
546 1715 697 1766 ingrata
721 1715 884 1762 civitate,
905 1727 1023 1767 quam
1048 1727 1202 1754 manere
1229 1716 1272 1754 in

153 1766 343 1817 improba,
363 1769 593 1807 maluerunt.
624 1769 854 1821 Pompeium
872 1781 960 1807 vero
979 1769 1082 1820 quod
1099 1770 1179 1807 una
1196 1769 1271 1808 ista

153 1819 194 1857 in
213 1833 252 1858 re
270 1833 348 1858 non
365 1822 420 1859 ita
437 1822 547 1860 valde
565 1824 716 1874 probas,
746 1823 810 1861 vix
830 1823 919 1861 satis
935 1822 1033 1860 mihi
1050 1823 1149 1861 illud
1167 1823 1272 1862 vide--

154 1873 204 1911 ris
223 1875 429 1924 attendere,
449 1887 526 1914 non
551 1877 676 1914 solum
695 1877 743 1924 ei,
764 1876 859 1928 quid
877 1886 972 1915 esset
989 1877 1194 1927 optimum,
1213 1877 1270 1916 vi-

153 1926 325 1965 dendum
343 1929 473 1976 fuisse,
494 1929 559 1967 sed
578 1930 694 1967 etiam
721 1930 815 1982 quid
832 1930 1097 1968 necessarium.
1144 1931 1270 1969 Sensit

154 1980 258 2017 enim
276 1981 404 2020 deberi
422 1996 499 2021 non
513 1996 621 2034 posse
638 1984 729 2022 huic
747 1984 890 2022 civitati
907 1984 1015 2022 issam
1028 1991 1268 2035 potestatem.

156 2033 328 2085 Quippe,
361 2049 480 2087 quam
512 2045 707 2089 tantopere
742 2038 907 2089 populus
938 2047 1063 2075 noster
1097 2037 1268 2088 ignotam

156 2090 371 2137 expetisset,
393 2092 461 2140 qui
487 2099 611 2141 posset
635 2104 759 2129 carere
784 2091 966 2142 cognita?
995 2091 1182 2142 Sapientis
1200 2105 1270 2129 au-

155 2146 234 2178 tem
253 2141 344 2181 civis
362 2143 450 2192 fuit,
470 2157 637 2193 causam,
657 2157 726 2184 nec
744 2145 1006 2197 perniciosam,
1022 2152 1059 2183 et
1077 2145 1131 2184 ita
1143 2157 1266 2197 popu-
