1470 2402
253 77 334 117 DE
362 78 626 130 OFFICIIS,
657 80 758 120 Lm.
780 79 863 119 ΙΙΙ.
895 79 1001 119 CAP.
1023 81 1061 119 4.
1145 82 1224 121 295

158 185 234 226 IV.
264 186 363 227 Haec
388 187 506 240 igitur
530 189 667 239 officia,
695 189 744 228 de
767 188 909 242 quibus
932 188 992 228 his
1016 189 1124 227 libris
1151 188 1228 227 dis-

103 241 278 289 serimus,
294 242 405 294 quasi
423 244 588 282 secunda
606 244 784 296 quaedam
804 243 963 282 honesta
982 257 1060 282 esse
1079 244 1226 292 dicunt,

102 307 181 334 non
200 296 415 348 sapientum
434 299 550 337 modo
568 299 735 350 propria,
767 298 832 337 sed
858 311 947 337 cum
973 298 1080 336 omni
1105 297 1231 336 homi-

102 362 201 388 num
219 363 356 402 genere
369 353 601 392 communia.
632 355 772 405 Itaque
789 352 850 391 his
863 365 1009 400 omnes,
1031 353 1071 390 in
1091 353 1232 404 quibus

103 411 159 443 est
189 405 339 444 virtutis
367 406 528 456 indoles,
560 415 863 447 commoventur.
902 408 988 446 Nec
1013 419 1115 454 ver0,
1143 419 1232 445 curn

105 458 183 497 duo
202 459 328 507 Decii,
350 468 417 499 aut
442 461 519 500 duo
540 462 749 514 Scipiones,
769 462 884 500 fortes
902 462 987 500 viri‘
999 473 1234 500 commemo*

104 521 253 563 rantur,
274 522 342 552 aut
360 528 449 554 811111
469 516 682 564 Fabricius,
706 515 943 555 Aristidesve
959 517 1086 566 justus
1107 515 1233 553 nomi-

104 575 233 616 natur,
261 576 329 607 aut
353 572 401 608 ab
429 570 518 618 illis,
544 571 792 618 fortitudinis,
813 578 880 609 aut
899 572 946 609 ab
966 570 1040 619 his,
1057 569 1231 620 justitiae,

103 629 306 674 tamquam
332 637 355 662 a
379 625 628 687 sapientibus,
655 626 799 678 petitur
825 625 1061 676 exemplum.
1103 624 1234 662 Nemo

106 676 210 715 enim
229 677 370 716 horum
395 679 448 718 518
474 680 623 742 sapiens
649 687 718 729 est,
749 687 793 718 ut
818 680 1028 730 sapientem
1054 678 1234 717 volumus

104 730 292 794 intelligi.
323 745 393 772 nec
417 733 459 781 ii,
488 735 556 786 qui
581 735 766 786 sapientes
792 734 914 772 habiti
939 741 1029 772 sunt
1055 742 1092 772 et
1110 733 1235 771 nomi-

106 786 201 833 nati,
230 787 292 824 M.
310 787 407 826 Cato
439 796 476 827 et
503 789 547 827 C.
570 789 729 837 Laelius,
759 788 946 840 sapientes
970 788 1154 833 fuerunt;
1185 799 1234 825 ne

105 840 163 878 illi
191 840 349 893 quidem
380 851 551 894 septem.
584 843 663 891 sed,
697 857 745 882 ex
777 842 994 881 mediorum
1023 842 1235 881 officiorum

103 894 335 947 frequentia,
371 872 663 936 similitudineni
696 897 907 950 quamdam
937 899 1120 949 gerebant
1152 909 1237 948 spe

106 949 281 1001 ciemque
300 951 527 1003 sapientum.

160 1004 350 1052 Quocirca
357 1019 427 1045 1188
438 1006 492 1055 id,
507 1007 611 1073 quod
619 1020 704 1046 vere
712 1007 917 1045 honestum
931 1013 1000 1054 est,
1013 1006 1071 1044 fas
1083 1013 1138 1044 est
1146 1017 1236 1044 cum

106 1058 283 1098 utilitatis
295 1063 550 1112 repugnantia
558 1062 791 1114 comparari3
809 1074 878 1100 nec
892 1060 932 1098 id
951 1060 1122 1112 quidem,
1133 1059 1238 1112 quod

106 1114 363 1153 communiter
387 1116 627 1167 appellamus
657 1117 876 1163 honestum,
909 1115 1013 1166 quod
1033 1115 1169 1153 colitur
1188 1116 1236 1152 ab

105 1167 151 1206 iis
167 1168 235 1220 qui
249 1170 368 1208 bonos
387 1183 426 1208 se
438 1170 536 1209 viros
550 1171 683 1210 haberi
697 1171 845 1217 volunt,
862 1182 951 1208 cum
968 1169 1238 1207 emolumentis

107 1235 284 1274 unquam
313 1232 368 1262 est
398 1225 725 1276 comparandum:
757 1233 915 1276 tamque
942 1223 983 1261 id
1015 1223 1235 1271 honestum,

108 1277 213 1329 quod
232 1277 272 1315 in
291 1286 461 1317 nostram
480 1280 776 1331 intelligentiam
795 1279 910 1325 cadit,
937 1278 1128 1316 tuendum
1147 1290 1238 1316 con-

108 1332 417 1385 servandumque
436 1342 492 1372 est
510 1334 634 1382 nobis,
655 1347 774 1386 quam
793 1333 848 1382 id,
876 1332 980 1384 quod
1008 1332 1160 1384 proprie
1179 1332 1238 1370 di-

109 1386 221 1434 citur,
264 1401 427 1440 vereque
464 1396 520 1427 est
555 1389 775 1435 honestum,
814 1387 1060 1438 sapientibus.
1109 1387 1240 1425 Aliter

109 1440 213 1478 enim
239 1442 358 1480 teneri
383 1456 461 1481 non
484 1451 622 1495 potest,
643 1443 675 1481 si
693 1456 771 1495 qua
790 1452 846 1481 est
864 1441 914 1480 ad
933 1441 1113 1479 virtutem
1139 1441 1241 1479 facta

108 1496 332 1546 progressio.
363 1497 439 1535 Sed
452 1497 534 1536 haec
552 1498 710 1549 quidem
730 1497 778 1535 de
795 1496 855 1545 iis,
873 1496 941 1547 qui
960 1495 1243 1534 conservatione

111 1548 323 1587 officiorum
343 1551 610 1590 existimantur
628 1551 733 1591 boni.

167 1603 250 1650 Qui
269 1612 399 1643 autem
418 1606 550 1644 omnia
567 1607 781 1645 metiuntur
799 1604 1069 1643 emolumentis
1085 1611 1121 1642 et
1136 1617 1241 1642 com-

111 1658 251 1706 modis,
283 1671 408 1710 neque
427 1673 472 1698 ea
490 1660 625 1699 volunt
649 1659 932 1712 proeponderari
956 1659 1168 1706 honestate,
1199 1658 1242 1696 hi

112 1713 248 1759 solent,
268 1712 310 1751 in
329 1713 587 1761 deliberando,
607 1715 813 1753 honestum
836 1726 925 1751 cum
944 1726 1002 1760 e0,
1024 1712 1129 1764 quod
1147 1712 1242 1751 utile

111 1774 266 1828 putant,
300 1780 543 1820 comparare·
581 1769 674 1807 boni
706 1768 778 1807 viri
810 1779 888 1805 non
918 1768 1051 1805 solent.
1104 1767 1244 1828 Itaque

112 1821 304 1869 existimo,
326 1823 559 1884 Panaetium,
585 1836 674 1862 cum
700 1822 840 1860 dixerit
864 1821 1040 1859 homines
1066 1821 1213 1859 solere
1202 1834 1244 1859 111

110 1875 183 1914 hac
203 1877 485 1928 comparatione
503 1878 691 1927 dubitare,
712 1877 808 1915 hoc
798 1889 927 1928 lpsum
947 1876 1119 1921 sensisse,
1140 1875 1245 1937 qutod

113 1929 267 1978 dixerit,
299 1931 418 1970 solere
447 1932 577 1980 modo,
611 1945 689 1970 non
724 1931 839 1970 etiam
873 1938 1069 1982 oportere:
1101 1930 1244 1968 etenim

114 1997 192 2022 non
223 1985 339 2023 modo
368 1986 489 2037 pluris
514 1996 650 2038 putare
669 1986 774 2038 quod
793 1985 888 2023 utile
907 1984 1094 2031 videatur,
1124 1997 1245 2036 quam

115 2039 222 2090 quod
239 2039 470 2086 honestum3
502 2041 567 2079 sed
591 2042 674 2079 haec
697 2040 814 2079 etiam
832 2039 931 2077 inter
950 2052 989 2077 se
1007 2051 1243 2090 comparare,

116 2100 154 2131 et
172 2093 213 2131 in
231 2093 291 2132 his
310 2094 550 2143 addubitare,
566 2095 833 2147 turpissimum
848 2100 915 2132 831.
946 2093 1056 2141 Quid
1070 2101 1126 2132 est
1140 2106 1244 2144 ergo,

116 2147 221 2199 quod
239 2161 521 2202 nonnunquam
541 2149 820 2189 dubitationem
841 2148 977 2188 afferre
997 2148 1130 2195 soleat,
1158 2160 1247 2186 con-
