1470 2402
384 375 464 427 M.
495 374 779 427 TULLII
820 373 1241 426 CICERONIS

622 464 990 570 LAELms,

767 641 873 670 SIVE

488 741 632 808 DE
683 709 1156 807 AMICITIA

602 874 1017 939 DIALOGUS‚

787 1013 849 1040 AD

384 1110 442 1158 T.
471 1108 885 1158 POMPONIUM
920 1107 1242 1158 ATTICUM.

750 1260 869 1287 -ψ-

306 1355 341 1394 Ι.
371 1354 597 1404 QUINTUS
623 1353 783 1393 Mucius
802 1367 927 1405 augur
943 1354 1069 1392 multa
1088 1366 1240 1392 narrare
1258 1353 1306 1392 de
1325 1352 1373 1392 C.

250 1408 388 1457 Laelio,
404 1423 529 1448 socero
549 1422 632 1456 suo,
648 1408 867 1447 memoriter
886 1416 922 1446 et
938 1408 1108 1458 jucunde
1126 1409 1284 1455 solebat,
1303 1420 1374 1446 nec

248 1463 437 1510 dubitare,
454 1464 566 1501 illum
581 1463 621 1500 in
635 1463 741 1500 omni
756 1475 929 1500 sermone
943 1463 1134 1514 appellare
1149 1462 1371 1514 sapientem.

248 1517 338 1569 Ego
356 1525 485 1556 autem
505 1531 528 1555 a
546 1525 654 1568 patre
672 1516 726 1554 ita
745 1529 849 1554 eram
876 1516 1060 1555 deductus
1079 1515 1128 1554 ad
1147 1516 1371 1562 Scaevolam,

248 1572 377 1610 sumt&⁴
391 1572 491 1609 virili
505 1571 610 1622 toga,
627 1578 685 1618 ut,
702 1570 830 1622 quoad
847 1583 1012 1622 possem,
1029 1579 1067 1609 et
1079 1570 1222 1618 liceret,
1239 1583 1262 1608 a
1275 1569 1375 1608 senis

248 1626 365 1664 latere
397 1638 599 1677 nunquam
631 1624 874 1663 discederem.
922 1625 1062 1676 Itaque
1094 1625 1219 1662 multa
1249 1625 1298 1662 ab
1331 1635 1375 1662 eo

246 1679 454 1732 prudenter
482 1679 689 1730 disputata,
719 1679 844 1716 multa
873 1678 989 1716 etiam
1019 1678 1182 1717 breviter
1207 1686 1245 1716 et
1271 1690 1375 1716 com-

248 1733 363 1771 mode
376 1733 491 1779 dicta,
507 1733 702 1771 memoriae
716 1733 975 1777 mandabam;
997 1731 1155 1784 fierique
1173 1731 1374 1770 studebam

249 1788 332 1836 ejus
350 1787 554 1838 prudentia
572 1787 727 1825 doctior.
768 1786 861 1834 Quo
878 1794 1045 1832 mortuo,
1071 1799 1134 1824 me
1152 1786 1202 1824 ad
1220 1785 1375 1837 pontifi-

248 1854 332 1879 cem
358 1841 568 1880 Scaevolam
587 1840 758 1885 contuli;
781 1853 895 1891 quem
916 1853 1040 1878 unum
1059 1848 1198 1878 nostrae
1215 1839 1376 1878 civitatis

248 1902 286 1932 et
305 1894 459 1945 ingenio
482 1903 519 1933 et
534 1895 685 1945 justitia
709 1894 1067 1946 praestantissimum
1092 1893 1213 1932 audeo
1238 1893 1373 1932 dicere.

248 1948 326 1986 Sed
358 1948 405 1986 de
432 1949 505 1987 hoc
530 1949 647 1987 alias:
678 1960 781 1986 nunc
811 1949 923 1986 redeo
950 1948 1000 1986 ad
1027 1959 1226 1998 augurem.
1271 1947 1374 1986 Cum

248 2014 348 2053 saepe
362 2003 500 2049 multa,
521 2010 606 2040 tum
620 2002 795 2048 memini,
816 2001 922 2040 domi
939 2002 979 2039 in
998 2001 1223 2052 hemicyclio
1242 2001 1376 2040 seden-

247 2063 341 2103 tem,
363 2064 407 2094 ut
425 2057 583 2104 solebat,
604 2069 694 2095 cum
714 2064 751 2095 et
769 2068 839 2107 ego
863 2068 983 2094 essem
1008 2054 1100 2102 una,
1121 2063 1157 2093 et
1176 2055 1289 2106 pauci
1306 2055 1375 2093 ad-

246 2110 408 2148 modum
423 2110 644 2159 familiares,
664 2111 704 2150 in
719 2122 809 2149 eum
829 2122 1042 2148 sermonem
1061 2109 1174 2147 illum
1193 2108 1371 2156 incidere,

246 2164 315 2214 qui
334 2171 420 2202 tum
444 2164 523 2202 fere
548 2164 727 2206 omnibus
754 2171 834 2202 erat
858 2164 899 2202 in
925 2177 1000 2202 ore.
1031 2162 1249 2201 Meministi
1267 2162 1371 2202 enim

243 2217 427 2270 profecto,
454 2218 601 2267 Attice,
628 2226 666 2257 et
687 2231 731 2257 eo
750 2217 888 2268 magis,
908 2217 1013 2269 quod
1034 2217 1080 2255 P.
1097 2216 1269 2267 Sulpicio
1289 2224 1374 2255 ute-
