1470 2402
206 67 286 106 DE
310 65 731 118 DIVINATIONE,
753 67 854 107 LIB.
875 67 910 107 Ι.
931 66 1037 107 ΟΑΡ.
1057 68 1123 107 38.
1170 67 1223 107 33

161 177 192 198 “
212 175 442 237 Flexanima
467 183 668 229 tamquam
695 176 910 228 lymphata,
929 183 974 214 ut
995 175 1140 214 Bacchi
1165 187 1226 214 sa-

274 242 346 268 cns

162 283 380 332 Commota,
403 283 461 356 „in
490 285 651 323 tumulis
681 284 880 324 Teucrum
922 295 1227 324 commemorans

271 351 399 378 suum.

162 426 393 466 XXXVII.
431 427 569 480 Atque
593 428 709 467 etiam
738 428 806 467 illa
835 426 1034 467 concitatio
1064 426 1230 465 declarat

107 479 188 519 vim
206 481 248 518 in
277 481 415 520 animis
441 496 519 521 esse
543 482 726 521 divinam.
775 483 905 533 Negat
924 481 1041 530 enim,
1063 481 1142 519 sine
1166 479 1231 518 fu-

107 547 204 583 rore,
224 535 484 585 Democritus,
505 549 743 588 quemquam
761 540 916 588 poe'tam
940 547 1128 586 magnum
1153 546 1232 572 esse

107 602 240 640 posse:
271 590 375 641 quod
392 590 496 628 idem
515 590 606 629 dicit
624 591 748 629 Plato.
791 590 936 639 Quem,
957 590 988 628 si
1006 589 1142 640 placet,
1163 601 1233 639 ap»

105 643 223 694 pellet
239 643 422 691 furorem,
444 644 655 683 dummodo
675 645 706 683 is
724 644 830 682 furor
850 644 904 682 ita
922 643 1112 691 laudetur,
1134 642 1230 680 utin

108 696 274 735 Phaedro
294 697 467 736 Platonis
485 699 663 736 laudatus
681 707 750 737 esta
793 698 932 746 Quid?
968 704 1091 736 vestra
1110 695 1229 734 oratio

104 749 146 788 in
165 751 286 790 causis
302 766 314 798 ς
344 752 470 803 quid?
499 752 582 804 ipsa
600 752 710 801 actio,
730 759 853 803 potest
873 765 951 790 esse
969 750 1171 789 vehemens
1191 755 1229 787 et

105 805 232 855 gravis
261 812 298 844 et
325 806 489 857 copiosa,
509 806 582 844 nisi
608 814 663 844 est
690 806 841 844 animus
868 806 948 857 ipse
968 803 1191 843 commotior
1208 805 1227 841 ἲ

106 858 304 910 Equidem
334 861 448 898 etiam
471 860 512 897 in
532 868 569 898 te
587 873 686 911 saepe
701 860 792 907 vidi,
814 867 851 898 et
866 863 926 904 (ut
940 858 989 897 ad
1007 858 1147 896 leviora
1166 870 1230 895 ve-

106 912 277 961 niamus)
310 914 352 951 in
385 914 532 965 AEsopo
564 913 747 952 familiari
771 921 851 961 tuo,
872 921 1024 951 tantum
1057 911 1231 949 ardorem

107 967 289 1004 vultuum
320 975 436 1018 atque
467 974 659 1014 motuum,
680 974 724 1005 ut
754 980 842 1005 eum
866 967 922 1006 vis
941 965 1120 1018 quaedam
1145 966 1231 1003 abs-—

110 1020 269 1059 traxisse
284 1034 306 1059 a
325 1034 436 1059 sensu
455 1021 594 1059 mentis
608 1021 810 1059 videretur.

160 1073 410 1124 objiciuntur
429 1075 545 1113 etiam
563 1088 663 1126 saepe
687 1075 835 1124 formae,
856 1087 944 1126 quae
961 1086 1092 1125 reapse
1111 1071 1231 1111 nullae

106 1135 222 1175 sunt;
271 1129 433 1180 speciem
477 1137 607 1167 autem
644 1129 821 1167 offerunt.
878 1128 996 1176 Quod
1032 1126 1232 1177 contigisse

107 1183 264 1221 Brenno
296 1183 448 1231 dicitur,
480 1184 638 1234 ejusque
670 1182 828 1221 Gallicis
859 1182 989 1233 copiis,
1025 1194 1113 1219 cum
1139 1181 1230 1219 fano

105 1237 302 1288 Apollinis
322 1237 503 1288 Delphici
521 1237 712 1275 nefarium
731 1237 879 1275 bellum
893 1235 1093 1274 intulisset.
1124 1235 1232 1274 Tum

111 1291 216 1330 enim
236 1291 380 1340 ferunt,
402 1304 450 1330 ex
469 1291 622 1330 oraculo
641 1291 796 1329 effatam
816 1303 894 1329 esse
913 1289 1111 1342 Pythiam,

163 1380 192 1402 “
207 1379 296 1431 Ego
309 1378 515 1432 providebo
529 1391 612 1418 rem
629 1378 758 1429 istam,
779 1385 817 1418 et
835 1378 933 1417 albae
951 1377 1159 1431 virgines.”

107 1478 173 1517 Ex
192 1491 269 1530 quo
287 1478 447 1526 factum,
463 1485 507 1517 ut
527 1486 564 1517 et
582 1478 800 1518 viderentur
829 1478 994 1530 virgines
1012 1477 1109 1517 ferre
1122 1490 1232 1517 arma

107 1540 251 1580 eontra,
272 1540 310 1571 et
328 1533 415 1571 nive
434 1533 637 1571 Gallorum
656 1535 878 1572 obrueretur
896 1532 1094 1571 exercitus.

161 1587 415 1626 XXXVIII.
443 1587 669 1626 Aristoteles
701 1588 859 1640 quidem
893 1600 954 1625 eos
990 1586 1121 1634 etiam,
1160 1586 1229 1638 qui

108 1640 335 1679 valetudinis
354 1641 446 1680 vitio
464 1641 646 1689 furerent,
663 1649 700 1680 et
718 1640 981 1680 melancholici
999 1641 1227 1689 dicerentur,

107 1697 284 1733 censebat
308 1696 446 1734 habere
471 1696 618 1747 aliquid
643 1696 683 1734 in
703 1695 841 1735 animis
865 1695 1091 1747 praesagiens
1115 1701 1233 1746 atque

109 1749 298 1788 divinum.
326 1749 414 1801 Ego
433 1758 562 1788 autem
581 1750 687 1788 haud
705 1751 794 1798 scio,
810 1762 860 1788 an
879 1762 948 1787 nec
966 1749 1144 1787 cardiacis
1157 1748 1232 1787 hoc

108 1803 357 1842 tribuendum
376 1804 437 1851 sit,
454 1817 523 1842 nec
536 1804 776 1855 phreneticis.
805 1802 945 1843 Animi
959 1802 1062 1841 enim
1075 1802 1229 1854 integri,

111 1870 190 1896 non
208 1857 332 1896 vitiosi
345 1858 523 1909 corporis,
537 1865 592 1896 est
610 1858 805 1896 divinatio.
835 1857 968 1905 Quam
983 1856 1139 1908 quidem
1152 1870 1231 1895 esse

109 1925 151 1950 re
169 1912 271 1959 vera,
292 1912 364 1950 hac
381 1913 599 1950 Stoicorum
623 1913 769 1951 ratione
791 1911 1040 1950 concluditur.
1081 1911 1123 1950 Si
1141 1918 1232 1949 sunt

110 1966 195 2014 Dii,
227 1978 352 2018 neque
383 1973 471 2004 ante
504 1966 696 2005 declarant
727 1966 962 2014 hominibus,
983 1978 1070 2017 quae
1100 1965 1232 2004 futura

110 2028 227 2065 sunt;
255 2027 324 2058 aut
342 2033 419 2059 non
437 2020 605 2072 diligunt
621 2020 821 2066 homines3
851 2027 933 2069 aut,
960 2019 1055 2071 quid
1073 2026 1230 2058 eventu-

111 2087 200 2112 rum
233 2074 294 2122 sit,
324 2074 526 2126 ignorant3
562 2082 630 2113 aut
658 2074 892 2122 existimant,
927 2074 1025 2112 nihil
1056 2073 1233 2112 interesse

109 2128 330 2176 hominum,
351 2129 457 2178 scire,
479 2128 573 2180 quid
591 2128 768 2167 futurum
783 2129 858 2174 sit3
888 2135 956 2166 aut
973 2139 1051 2166 non
1064 2135 1232 2175 censent,

110 2191 191 2222 esse
216 2196 295 2222 suae
319 2183 541 2234 majestatis,
568 2183 861 2236 praesignificare
883 2181 1119 2230 hominibus,
1146 2195 1233 2234 quae
