1470 2402
273 90 352 130 DE
372 89 793 140 DIVINATIONE,
814 90 914 129 L1B.
932 90 966 129 Ι.
988 90 1093 129 ΟΑΡ.
1109 91 1175 129 33.
1233 91 1286 131 29

171 199 334 248 luerant,
355 199 540 238 videbatis
557 214 567 237 ι
589 206 780 251 postremo
799 212 822 237 a
841 198 996 238 Rhodia
1010 200 1127 238 classe
1141 198 1292 248 deserti,

171 267 307 292 verum
326 261 452 292 vatem
469 253 587 292 fuisse
606 254 782 292 sensistis.

225 307 416 359 Exposui,
434 321 553 359 quam
570 308 790 346 brevissime
804 307 926 358 potui,
948 307 1085 345 somnii
1104 314 1140 345 et
1158 306 1297 346 furoris

173 363 340 410 oracula,
370 376 458 414 quae
483 375 607 401 carere
633 369 712 400 arte
738 362 922 400 dixeram.
965 361 1145 409 Quorum
1165 362 1298 398 ambo-

174 429 263 454 rum
292 429 476 467 genemm
506 429 584 453 una
613 416 708 454 ratio
735 424 804 464 est,
834 416 912 466 qua
938 415 1144 466 Cratippus
1174 424 1300 453 noster

175 470 234 508 uti
263 471 382 508 solet:
413 470 560 508 animos
588 470 792 508 hominum
822 469 993 520 quadam
1023 482 1070 507 ex
1097 476 1205 520 parte
1234 482 1301 507 ex-

177 524 360 562 trinsecus
375 537 454 562 esse
472 532 610 562 tractos
630 532 666 562 et
683 524 851 562 haustos.
882 523 947 561 Ex
962 536 1040 574 quo
1058 523 1300 573 intelligitur,

179 591 258 617 esse
284 587 391 616 extra
416 578 592 616 divinum
618 578 808 625 animum,
837 578 1032 615 humanus
1058 577 1161 615 unde
1187 577 1304 615 duca-

179 640 266 671 tur:
289 632 451 670 humani
469 640 597 670 autem
613 632 733 670 animi
749 646 833 670 eam
848 639 1010 683 partem,
1028 645 1114 683 quae
1133 644 1303 679 sensum,

180 700 268 738 quae
297 695 463 735 motum,
495 701 583 738 quae
611 687 824 738 appetitum
854 686 1006 733 habeat,
1040 698 1117 724 non
1150 699 1226 724 esse
1255 687 1304 724 ab

180 741 326 779 actione
345 741 508 792 corporis
533 743 772 792 sejugatam:
804 754 891 792 quae
917 748 1046 778 autem
1071 753 1158 792 pars
1184 739 1305 777 animi

182 795 338 833 rationis
369 803 484 846 atque
513 795 775 847 intelligentiae
804 795 851 833 sit
876 795 1078 846 particeps,
1111 807 1196 832 eam
1221 802 1306 832 tum

182 850 353 887 maxime
371 849 511 900 vigere,
533 863 622 887 cum
640 850 855 901 plurimum
875 849 972 887 absit
992 863 1014 886 a
1032 861 1197 900 corpore.

238 904 391 955 Itaque,
408 904 588 955 expositis
603 903 788 955 exemplis
803 916 979 942 verarum
994 903 1308 941 vaticinationum

185 964 223 996 et
248 958 499 1005 somniorum,
529 958 735 1009 Cratippus
762 958 856 996 solet
880 958 1066 995 rationem
1086 957 1309 995 concludere

183 1012 256 1050 hoc
269 1011 396 1050 modo.
428 1014 456 1034 ‘⁶
470 1013 512 1051 Si
528 1012 608 1050 sine
620 1013 738 1050 oculis
750 1025 827 1050 non
839 1019 962 1063 potest
976 1020 1122 1050 exstare
1138 1011 1306 1049 officium

184 1075 223 1104 et
235 1078 379 1105 munus
397 1067 624 1113 oculorum3
654 1074 814 1118 possunt
832 1074 962 1104 autem
982 1065 1190 1117 aliquando
1209 1065 1311 1103 oculi

184 1132 263 1159 non
288 1121 402 1172 fungi
426 1134 496 1159 suo
520 1133 704 1167 munere3
735 1120 803 1173 qui
830 1120 889 1159 vel
915 1121 1032 1159 semel
1058 1120 1112 1158 ita
1138 1127 1194 1158 est
1218 1133 1311 1157 usus

185 1175 320 1223 oculis,
349 1183 394 1213 ut
420 1188 508 1213 vera
532 1184 724 1221 cerneret3
754 1175 786 1213 is
803 1175 919 1213 habet
938 1187 1092 1213 sensum
1111 1174 1311 1213 oculorum

184 1241 274 1267 vera
299 1229 548 1268 cernentium.
590 1231 692 1268 Item
718 1230 848 1281 igitur,
879 1229 924 1277 si,
957 1230 1037 1268 sine
1062 1228 1309 1276 divinatione,

184 1295 262 1321 non
281 1291 406 1335 potest
423 1291 461 1323 et
475 1284 644 1323 officium
664 1292 702 1323 et
719 1297 862 1322 munus
877 1283 1118 1322 divinationis
1138 1291 1284 1321 exstare
1298 1295 1310 1328 ;

183 1345 308 1389 potest
331 1346 464 1377 autem
483 1339 583 1391 quis,
612 1352 703 1378 cum
721 1339 995 1377 divinationem
1013 1339 1166 1385 habeat,
1187 1350 1311 1376 errare

185 1392 407 1444 aliquando,
421 1406 490 1432 nec
509 1407 597 1432 vera
612 1406 786 1439 cernere3
818 1393 906 1432 satis
925 1401 994 1441 est,
1015 1392 1065 1430 ad
1083 1392 1312 1430 confirman-

186 1445 278 1484 dam
293 1447 581 1496 divinationem,
611 1448 728 1486 semel
747 1447 893 1500 aliquid
912 1461 990 1486 esse
1008 1447 1062 1485 ita
1080 1446 1310 1492 divinatum,

186 1506 232 1538 ut
246 1500 344 1538 nihil
361 1501 518 1540 fortuito
537 1502 711 1541 cecidisse
730 1502 914 1540 videatur.
964 1503 1063 1540 Sunt
1081 1509 1211 1539 autem
1230 1501 1312 1549 ejus

186 1555 335 1605 generis
349 1555 669 1595 innumerabilia:
692 1570 770 1596 esse
787 1557 906 1608 igitur
919 1556 1208 1603 divinationem,
1224 1567 1315 1592 con-

187 1607 378 1648 fitendum
397 1611 494 1649 est.'’

244 1663 457 1703 XXXIII.
487 1664 590 1713 Quae
613 1677 702 1704 vero
729 1673 796 1704 aut
815 1664 1032 1715 conjectura
1058 1663 1312 1715 explicantur,

189 1722 258 1755 aut
287 1719 430 1757 eventis
461 1720 723 1758 animadversa
751 1727 788 1758 et
816 1727 947 1758 notata
973 1726 1076 1763 sunt,
1106 1731 1149 1756 ea
1174 1729 1315 1768 genera

188 1770 386 1810 divinandi
413 1775 474 1817 (ut
503 1787 618 1825 supra
642 1774 742 1822 dixi)
773 1786 850 1812 non
875 1773 1076 1821 naturalia,
1104 1771 1170 1810 sed
1194 1770 1314 1809 artifi-

188 1825 301 1874 ciosa,
331 1826 536 1866 dicuntur:
570 1828 612 1866 in
646 1841 723 1880 quo
754 1828 987 1880 haruspices,
1018 1839 1193 1878 augureS,
1224 1837 1314 1863 con-

183 1879 434 1933 jectoresque,
461 1889 725 1920 numerantur.
756 1883 854 1920 Haec
878 1882 1144 1933 improbantur
1162 1893 1186 1917 a
1205 1879 1314 1918 Peri-

188 1934 387 1986 pateticis;
418 1949 442 1974 a
460 1936 595 1975 Stoicis
614 1936 885 1975 defenduntur.
929 1936 1109 1984 Quorum
1128 1934 1204 1972 alia
1223 1941 1314 1972 sunt

185 1987 311 2039 posita
323 1989 365 2027 in
381 1990 642 2038 monimentis,
659 1998 697 2029 et
710 1990 911 2042 disciplina
926 1989 1047 2042 (quod
1061 1989 1314 2028 Etruscorum

187 2041 381 2082 declarant
399 2051 437 2082 et
454 2045 687 2097 haruspicini
706 2052 744 2084 et
761 2045 971 2096 fulgurales
989 2051 1027 2083 et
1047 2042 1310 2094 [tonitruales]

186 2095 291 2145 libri,
320 2099 440 2136 nostri
459 2099 575 2137 etiam
601 2100 819 2151 augurales)
834 2113 846 2137 ε
875 2099 951 2137 alia
969 2106 1100 2137 autem
1118 2097 1244 2136 subito
1263 2109 1312 2134 ex

190 2156 362 2202 tempore
378 2153 598 2203 conjectura
612 2154 876 2206 explicantur-3
907 2161 952 2192 ut
969 2153 1074 2205 apud
1093 2153 1312 2191 Homerum

189 2203 365 2257 Cauchas,
393 2207 476 2259 qui,
505 2221 554 2248 ex
585 2221 782 2261 passerum
813 2221 989 2300 numer}
1025 2207 1117 2248 belli
1148 2204 1310 2255 Trojani

896 2273 927 2301 D
