1470 2402
257 73 336 114 DE
355 71 778 124 DIVINATIONE,
800 72 900 112 Lm.
917 74 952 112 Ι.
973 73 1080 114 CAP.
1096 76 1163 115 35.
1219 78 1269 117 31

140 182 251 220 illam
271 181 468 221 victoriam
488 180 694 234 Lysandri,
724 181 803 235 qua
820 182 1076 222 Athenienses
1094 185 1266 225 concide-

140 243 246 282 runt,
277 236 374 288 (qua
405 237 447 274 in
474 236 608 287 pugna
637 237 729 287 quia
761 237 898 276 Castor
929 245 967 275 et
1000 238 1143 277 Pollux
1173 253 1266 279 cum

139 289 522 329 Lacedaemoniorum
542 291 659 329 classe
678 291 748 329 visi
767 304 846 329 esse
863 291 1101 341 dicebantur,
1131 305 1265 332 eorum

137 344 305 395 insignia
329 345 518 392 Deorum,
548 345 667 383 steHae
692 358 829 393 aureae,
860 359 954 396 quas
973 345 1068 393 dixi,
1099 346 1263 398 Delphis

135 398 286 449 positae)
306 398 423 450 paulo
447 406 536 437 ante
560 398 803 437 Leuctricam
828 412 1001 451 pugnam
1025 400 1260 450 deciderunt,

135 464 261 503 neque
279 460 437 504 repertae
455 459 556 491 sunt.
586 452 813 491 Maximum
827 466 914 491 vero
928 453 1026 491 illud
1039 462 1261 505 portentum

133 505 270 544 iisdem
290 507 490 558 Spartiatis
508 506 596 555 fuit,
627 507 745 568 quod,
767 520 856 545 cum
875 508 1072 546 oraculum
1091 510 1139 546 ab
1159 509 1260 548 Jove

132 559 333 599 Dodonaeo
351 560 584 612 petivissent,
613 561 661 599 de
680 561 836 599 victoria
855 562 1094 610 sciscitantes,
1123 562 1259 614 legati-

131 627 208 675 que
226 614 338 662 illud,
367 615 408 652 in
428 628 505 666 quo
528 615 678 653 inerant
706 623 836 663 sortes,
867 616 1175 662 collocavissent3
1206 617 1257 655 si-

129 668 223 715 mia,
253 681 372 720 quam
397 682 465 707 rex
485 669 782 707 Molossorum
771 683 812 707 m
839 669 982 708 deliciis
1008 670 1185 718 habebat,
1217 679 1255 709 et

128 730 246 761 sortes
271 723 385 774 ipsas,
416 730 454 761 et
472 730 605 761 caetera
630 737 717 774 quae
741 731 846 761 erant
868 724 920 763 ad
946 731 1086 763 sortem
1104 733 1251 776 parata,

128 776 368 823 disturbavit,
398 784 435 815 et
460 777 566 815 aliud
591 777 665 815 alio
691 777 898 828 dissipavit.
942 778 1049 816 Tum
1077 791 1134 827 ea,
1164 792 1254 830 quae

127 831 330 882 praeposita
359 838 438 869 erat
468 831 634 877 oraculo,
664 831 834 870 sacerdos
857 832 996 870 dixisse
1021 831 1173 881 dicitur,
1203 833 1252 872 de

127 885 249 923 salute
267 885 568 924 Lacedaemoniis
587 898 679 933 esse,
708 898 786 924 non
805 885 853 924 de
878 885 1049 935 victoria,
1078 887 1249 938 cogitan-

127 938 234 976 dum.

179 992 360 1031 XXXV.
390 991 531 1040 Quid?
560 993 662 1031 bello
682 993 829 1032 Punico
854 993 1032 1042 secundo,
1053 1007 1180 1033 nonne
1199 994 1246 1033 C.

125 1046 355 1094 Flaminius,
376 1047 508 1084 consul
526 1046 681 1094 iterum,
702 1048 871 1098 neglexit
895 1048 1003 1100 signa
1026 1061 1155 1086 rerum
1182 1048 1246 1086 fu-

123 1108 298 1139 turarum
316 1100 460 1151 magna
478 1113 567 1138 cum
592 1101 699 1140 clade
717 1101 936 1153 reipublicae
952 1105 970 1141 ?
999 1103 1081 1154 qui,
1103 1103 1247 1141 exerci-

120 1161 164 1193 tu
182 1155 355 1201 lustrato,
376 1167 466 1192 cum
485 1154 687 1193 Arretium
706 1168 835 1194 versus
851 1163 972 1194 castra
990 1157 1185 1205 movisset,
1205 1164 1246 1195 et

121 1217 253 1247 contra
262 1209 523 1246 Hannibalem
537 1208 704 1259 legiones
715 1208 868 1248 duceret
884 1224 896 1256 ς
913 1218 950 1248 et
961 1210 1055 1262 ipse,
1072 1218 1109 1249 et
1123 1223 1246 1262 equus

119 1264 216 1313 ejus,
236 1270 326 1301 ante
343 1262 497 1313 signum
521 1262 551 1300 J
553 1263 632 1301 ovis
658 1263 831 1312 Statoris,
852 1264 932 1303 sine
958 1264 1070 1303 causa
1090 1271 1247 1315 repente

118 1317 309 1363 concidit;
339 1329 408 1355 nec
441 1329 526 1355 eam
562 1329 644 1355 rem
681 1316 817 1355 habuit
852 1318 1053 1368 religioni;
1093 1319 1244 1366 objecto

114 1371 238 1422 signo,
258 1378 303 1409 ut
321 1370 450 1422 pen‘tis
469 1370 681 1418 videbatur,
701 1383 750 1412 ne
768 1372 1021 1411 committeret
1049 1372 1242 1424 proelium.

116 1426 228 1464 Idem
247 1438 336 1464 cum
355 1424 524 1475 tripudio
541 1424 813 1475 auspicaretur,
826 1426 1014 1478 pullarius
1025 1426 1128 1465 diem
1140 1440 1240 1478 proe-

112 1480 156 1518 lii
186 1479 450 1518 committendi
481 1478 689 1517 differebat.
720 1480 829 1518 Tum
861 1480 1078 1518 Flaminius
1111 1493 1160 1519 ex
1192 1493 1238 1519 eo

114 1533 304 1585 quaesivit,
319 1533 351 1572 si
365 1545 413 1571 ne
424 1533 575 1584 postera
589 1533 746 1584 quidem
758 1534 857 1585 pulli
870 1545 1127 1586 pascerentur,
1141 1535 1238 1586 quid

112 1587 331 1626 faciendum
356 1595 534 1626 censeret.
574 1588 678 1625 Cum
697 1587 763 1626 ille
786 1588 1059 1650 quiescendum
1078 1601 1236 1639 respon--

114 1642 255 1687 disset;
285 1641 516 1690 Flaminius,
538 1642 566 1664 ‘⁶
583 1641 772 1679 Praeclara
790 1655 879 1681 vero
897 1643 1078 1694 auspicia,
1100 1641 1132 1680 si
1150 1655 1237 1680 esu-

112 1696 298 1734 rientibus
326 1695 444 1756 pullis
468 1708 527 1733 res
550 1695 630 1746 geri
657 1696 809 1746 poterit,
841 1697 976 1735 saturis
1000 1696 1099 1734 nihil
1127 1709 1235 1747 gere-

112 1750 232 1788 tur!”
260 1749 399 1801 Itaque
413 1748 522 1799 signa
540 1749 714 1797 convelli,
736 1757 772 1788 et
787 1762 826 1788 se
845 1751 966 1801 sequi,
983 1749 1108 1800 jussit.
1139 1749 1233 1798 Quo

109 1811 296 1856 tempore,
316 1815 405 1842 cum
424 1802 579 1854 signifer
590 1802 706 1854 primi
723 1803 862 1842 hastati
876 1805 1030 1855 signum
1049 1816 1127 1842 non
1144 1817 1234 1855 pos-

110 1865 166 1897 set
192 1870 344 1897 movere
361 1857 457 1905 loco,
483 1869 553 1895 nec
580 1856 795 1908 quidquam
819 1858 1076 1925 proficeretur,
1103 1857 1234 1910 pluras

108 1925 200 1951 cum
227 1911 470 1956 accederent3
501 1910 731 1958 Flaminius,
750 1925 791 1950 re
817 1912 1007 1961 nuntiata,
1032 1925 1101 1950 suo
1125 1924 1234 1950 more

109 1966 290 2018 neglexit.
333 1965 472 2016 Itaque
497 1965 619 2003 tribus
640 1964 743 2003 horis
761 1965 931 2005 concisus
949 1966 1150 2014 exercitus,
1171 1972 1231 2003 at-

108 2034 186 2073 que
202 2020 283 2072 ipse
299 2019 518 2058 interfectus
537 2025 604 2057 est.
645 2018 839 2071 Magnum
857 2019 957 2058 illud
975 2020 1104 2067 etiam,
1124 2018 1232 2071 quod

109 2074 256 2113 addidit
282 2073 440 2121 Coelius,
464 2086 508 2112 eo
530 2080 701 2124 tempore
719 2074 815 2125 ipso,
836 2087 925 2113 cum
943 2074 1016 2113 hoc
1032 2073 1230 2116 calamito-

109 2141 198 2167 sum
216 2128 322 2168 fieret
339 2127 532 2179 proelium,
551 2133 677 2165 tantos
689 2135 797 2167 terrae
807 2135 936 2168 motus
946 2128 987 2165 in
1002 2127 1228 2179 Liguribus,

107 2182 250 2225 Gallia,
268 2181 607 2235 compluribusque
620 2181 768 2234 insulis,
785 2182 940 2235 totaque
952 2182 994 2221 in
1009 2181 1138 2231 Italia,
1151 2180 1230 2221 fac-
