<?xml version="1.0" encoding="UTF-8"?>
<!DOCTYPE html PUBLIC "-//W3C//DTD XHTML 1.0 Transitional//EN"
    "http://www.w3.org/TR/xhtml1/DTD/xhtml1-transitional.dtd">
<html xmlns="http://www.w3.org/1999/xhtml" xml:lang="en" lang="en">
 <head>
  <title>
</title>
<meta http-equiv="Content-Type" content="text/html;charset=utf-8" />
  <meta name='ocr-system' content='tesseract 3.04.00' />
  <meta name='ocr-capabilities' content='ocr_page ocr_carea ocr_par ocr_line ocrx_word'/>
</head>
<body>
  <div class='ocr_page' id='page_1' title='image "./operaern04ciceuoft_0156.png"; bbox 0 0 1470 2402; ppageno 0'>
   <div class='ocr_carea' id='block_1_1' title="bbox 174 119 1115 169">
    <p class='ocr_par' dir='ltr' id='par_1_1' title="bbox 174 119 1115 169">
     <span class='ocr_line' id='line_1_1' title="bbox 174 119 1115 169; baseline -0.001 -10"><span class='ocrx_word' id='word_1_1' title='bbox 174 121 249 159; x_wconf 80' lang='lat'><strong>142</strong></span> <span class='ocrx_word' id='word_1_2' title='bbox 332 119 410 160; x_wconf 90' lang='lat' dir='ltr'><strong>DE</strong></span> <span class='ocrx_word' id='word_1_3' title='bbox 441 120 704 169; x_wconf 83' lang='lat' dir='ltr'>LEGIBUS,</span> <span class='ocrx_word' id='word_1_4' title='bbox 735 121 835 158; x_wconf 75' lang='lat' dir='ltr'><strong>Lm.</strong></span> <span class='ocrx_word' id='word_1_5' title='bbox 857 119 891 158; x_wconf 91' lang='lat'><strong>1.</strong></span> <span class='ocrx_word' id='word_1_6' title='bbox 922 119 1029 159; x_wconf 50' lang='lat' dir='ltr'><strong>cip.</strong></span> <span class='ocrx_word' id='word_1_7' title='bbox 1054 120 1115 158; x_wconf 82' lang='lat'><strong>13.</strong></span> 
     </span>
    </p>
   </div>
   <div class='ocr_carea' id='block_1_2' title="bbox 167 194 1302 2290">
    <p class='ocr_par' dir='ltr' id='par_1_2' title="bbox 167 194 1294 606">
     <span class='ocr_line' id='line_1_2' title="bbox 170 194 1293 278; baseline -0.004 -10"><span class='ocrx_word' id='word_1_8' title='bbox 170 237 208 269; x_wconf 89' lang='lat' dir='ltr'><strong>et</strong></span> <span class='ocrx_word' id='word_1_9' title='bbox 225 235 402 275; x_wconf 84' lang='lat' dir='ltr'><strong>ornatos;</strong></span> <span class='ocrx_word' id='word_1_10' title='bbox 423 229 589 268; x_wconf 80' lang='lat' dir='ltr'><strong>secundo</strong></span> <span class='ocrx_word' id='word_1_11' title='bbox 603 236 748 278; x_wconf 76' lang='lat' dir='ltr'><strong>autem,</strong></span> <span class='ocrx_word' id='word_1_12' title='bbox 768 194 894 271; x_wconf 86' lang='grc'>11011111</span> <span class='ocrx_word' id='word_1_13' title='bbox 913 241 991 267; x_wconf 73' lang='lat' dir='ltr'><strong>aese</strong></span> <span class='ocrx_word' id='word_1_14' title='bbox 1009 227 1243 268; x_wconf 84' lang='lat' dir='ltr'><strong>hominum·</strong></span> <span class='ocrx_word' id='word_1_15' title='bbox 1232 239 1293 266; x_wconf 83' lang='lat' dir='ltr'><strong>m.</strong></span> 
     </span>
     <span class='ocr_line' id='line_1_3' title="bbox 169 281 1291 336; baseline -0.002 -14"><span class='ocrx_word' id='word_1_16' title='bbox 169 291 226 322; x_wconf 88' lang='lat' dir='ltr'><strong>ter</strong></span> <span class='ocrx_word' id='word_1_17' title='bbox 254 283 355 335; x_wconf 91' lang='lat' dir='ltr'><strong>ipsos</strong></span> <span class='ocrx_word' id='word_1_18' title='bbox 383 283 536 322; x_wconf 88' lang='lat' dir='ltr'><strong>vivendi</strong></span> <span class='ocrx_word' id='word_1_19' title='bbox 564 296 699 336; x_wconf 89' lang='lat' dir='ltr'><strong>parem</strong></span> <span class='ocrx_word' id='word_1_20' title='bbox 724 295 1048 334; x_wconf 85' lang='lat' dir='ltr'><strong>communemque</strong></span> <span class='ocrx_word' id='word_1_21' title='bbox 1076 281 1290 321; x_wconf 88' lang='lat' dir='ltr'><strong>rationem·</strong></span> <span class='ocrx_word' id='word_1_22' title='bbox 1276 309 1291 328; x_wconf 86' lang='lat'><strong><em>‚</em></strong></span> 
     </span>
     <span class='ocr_line' id='line_1_4' title="bbox 169 335 1292 399; baseline -0.002 -23"><span class='ocrx_word' id='word_1_23' title='bbox 169 337 322 386; x_wconf 86' lang='lat' dir='ltr'><strong>deinde,</strong></span> <span class='ocrx_word' id='word_1_24' title='bbox 341 350 473 376; x_wconf 66' lang='lat' dir='ltr'><strong>omnes</strong></span> <span class='ocrx_word' id='word_1_25' title='bbox 491 337 590 376; x_wconf 89' lang='lat' dir='ltr'><strong>inter</strong></span> <span class='ocrx_word' id='word_1_26' title='bbox 618 350 656 376; x_wconf 86' lang='lat' dir='ltr'><strong>se</strong></span> <span class='ocrx_word' id='word_1_27' title='bbox 681 337 847 376; x_wconf 85' lang='lat' dir='ltr'><strong>naturali</strong></span> <span class='ocrx_word' id='word_1_28' title='bbox 865 337 1033 399; x_wconf 79' lang='lat' dir='ltr'><strong>quadam</strong></span> <span class='ocrx_word' id='word_1_29' title='bbox 1048 335 1292 387; x_wconf 79' lang='lat' dir='ltr'>indulgentia</span> 
     </span>
     <span class='ocr_line' id='line_1_5' title="bbox 169 389 1294 441; baseline -0.001 -11"><span class='ocrx_word' id='word_1_30' title='bbox 169 400 208 431; x_wconf 91' lang='lat' dir='ltr'><strong>et</strong></span> <span class='ocrx_word' id='word_1_31' title='bbox 220 391 498 441; x_wconf 82' lang='lat' dir='ltr'>benevolentia,</span> <span class='ocrx_word' id='word_1_32' title='bbox 519 401 604 430; x_wconf 89' lang='lat' dir='ltr'><strong>tum</strong></span> <span class='ocrx_word' id='word_1_33' title='bbox 623 391 739 430; x_wconf 86' lang='lat' dir='ltr'><strong>etiam</strong></span> <span class='ocrx_word' id='word_1_34' title='bbox 757 391 931 430; x_wconf 74' lang='lat' dir='ltr'><strong>societate</strong></span> <span class='ocrx_word' id='word_1_35' title='bbox 946 391 1059 441; x_wconf 84' lang='lat' dir='ltr'><strong>juris,</strong></span> <span class='ocrx_word' id='word_1_36' title='bbox 1078 389 1294 429; x_wconf 76' lang='lat' dir='ltr'><strong>contineri?</strong></span> 
     </span>
     <span class='ocr_line' id='line_1_6' title="bbox 170 443 1294 494; baseline 0 -11"><span class='ocrx_word' id='word_1_37' title='bbox 170 445 273 494; x_wconf 82' lang='lat' dir='ltr'><strong>Quae</strong></span> <span class='ocrx_word' id='word_1_38' title='bbox 291 460 381 485; x_wconf 90' lang='lat' dir='ltr'><strong>cum</strong></span> <span class='ocrx_word' id='word_1_39' title='bbox 403 459 491 484; x_wconf 87' lang='lat' dir='ltr'><strong>vera</strong></span> <span class='ocrx_word' id='word_1_40' title='bbox 519 459 613 493; x_wconf 85' lang='lat' dir='ltr'><strong>esse,</strong></span> <span class='ocrx_word' id='word_1_41' title='bbox 644 453 756 493; x_wconf 90' lang='lat' dir='ltr'><strong>recte,</strong></span> <span class='ocrx_word' id='word_1_42' title='bbox 787 454 832 483; x_wconf 89' lang='lat' dir='ltr'><strong>ut</strong></span> <span class='ocrx_word' id='word_1_43' title='bbox 862 445 1037 493; x_wconf 83' lang='lat' dir='ltr'>arbitror,</span> <span class='ocrx_word' id='word_1_44' title='bbox 1068 443 1294 483; x_wconf 82' lang='lat' dir='ltr'><strong>concesseri-</strong></span> 
     </span>
     <span class='ocr_line' id='line_1_7' title="bbox 169 500 1294 552; baseline -0.001 -14"><span class='ocrx_word' id='word_1_45' title='bbox 169 513 272 548; x_wconf 89' lang='lat' dir='ltr'><strong>mus,</strong></span> <span class='ocrx_word' id='word_1_46' title='bbox 302 502 371 552; x_wconf 84' lang='lat' dir='ltr'><strong>qui</strong></span> <span class='ocrx_word' id='word_1_47' title='bbox 388 502 471 550; x_wconf 83' lang='lat' dir='ltr'><strong>jam</strong></span> <span class='ocrx_word' id='word_1_48' title='bbox 489 500 577 538; x_wconf 90' lang='lat' dir='ltr'><strong>licet</strong></span> <span class='ocrx_word' id='word_1_49' title='bbox 595 501 705 538; x_wconf 89' lang='lat' dir='ltr'><strong>nobis</strong></span> <span class='ocrx_word' id='word_1_50' title='bbox 724 513 747 537; x_wconf 91' lang='lat' dir='ltr'><strong>a</strong></span> <span class='ocrx_word' id='word_1_51' title='bbox 772 500 910 538; x_wconf 63' lang='lat' dir='ltr'><strong>natura</strong></span> <span class='ocrx_word' id='word_1_52' title='bbox 935 501 1038 551; x_wconf 85' lang='lat' dir='ltr'><strong>leges</strong></span> <span class='ocrx_word' id='word_1_53' title='bbox 1063 507 1100 537; x_wconf 92' lang='lat' dir='ltr'><strong>et</strong></span> <span class='ocrx_word' id='word_1_54' title='bbox 1121 500 1212 549; x_wconf 86' lang='lat' dir='ltr'><strong>jura</strong></span> <span class='ocrx_word' id='word_1_55' title='bbox 1237 511 1294 537; x_wconf 89' lang='lat' dir='ltr'><strong>se·</strong></span> 
     </span>
     <span class='ocr_line' id='line_1_8' title="bbox 167 555 358 606; baseline -0.01 -13"><span class='ocrx_word' id='word_1_56' title='bbox 167 555 358 606; x_wconf 83' lang='lat' dir='ltr'><strong>jungere?</strong></span> 
     </span>
    </p>

    <p class='ocr_par' dir='ltr' id='par_1_3' title="bbox 169 607 1302 2289">
     <span class='ocr_line' id='line_1_9' title="bbox 227 607 1292 655; baseline -0.002 -8"><span class='ocrx_word' id='word_1_57' title='bbox 227 610 400 647; x_wconf 76' lang='lat' dir='ltr'><strong>Marcus.</strong></span> <span class='ocrx_word' id='word_1_58' title='bbox 422 609 542 648; x_wconf 88' lang='lat' dir='ltr'><strong>Recte</strong></span> <span class='ocrx_word' id='word_1_59' title='bbox 561 609 747 655; x_wconf 81' lang='grc'>(11615;61</span> <span class='ocrx_word' id='word_1_60' title='bbox 761 621 820 646; x_wconf 89' lang='lat' dir='ltr'><strong>res</strong></span> <span class='ocrx_word' id='word_1_61' title='bbox 839 608 890 646; x_wconf 83' lang='grc'><strong>516</strong></span> <span class='ocrx_word' id='word_1_62' title='bbox 910 621 950 647; x_wconf 85' lang='grc'><strong>56</strong></span> <span class='ocrx_word' id='word_1_63' title='bbox 966 607 1096 647; x_wconf 88' lang='lat' dir='ltr'><strong>habet.</strong></span> <span class='ocrx_word' id='word_1_64' title='bbox 1125 607 1292 655; x_wconf 87' lang='lat' dir='ltr'><strong>Verum,</strong></span> 
     </span>
     <span class='ocr_line' id='line_1_10' title="bbox 169 661 1292 716; baseline -0.002 -15"><span class='ocrx_word' id='word_1_65' title='bbox 169 663 486 716; x_wconf 83' lang='lat' dir='ltr'><strong>philosophorum</strong></span> <span class='ocrx_word' id='word_1_66' title='bbox 506 676 626 712; x_wconf 86' lang='lat' dir='ltr'><strong>more,</strong></span> <span class='ocrx_word' id='word_1_67' title='bbox 648 666 742 706; x_wconf 90' lang='lat' dir='ltr'><strong>(non</strong></span> <span class='ocrx_word' id='word_1_68' title='bbox 761 671 933 701; x_wconf 82' lang='lat' dir='ltr'><strong>veterum</strong></span> <span class='ocrx_word' id='word_1_69' title='bbox 947 661 1104 714; x_wconf 85' lang='lat' dir='ltr'><strong>quidem</strong></span> <span class='ocrx_word' id='word_1_70' title='bbox 1118 661 1292 709; x_wconf 83' lang='lat' dir='ltr'><strong>illorum,</strong></span> 
     </span>
     <span class='ocr_line' id='line_1_11' title="bbox 170 715 1293 770; baseline -0.004 -13"><span class='ocrx_word' id='word_1_71' title='bbox 170 717 236 757; x_wconf 87' lang='lat' dir='ltr'><strong>sed</strong></span> <span class='ocrx_word' id='word_1_72' title='bbox 251 731 383 756; x_wconf 87' lang='lat' dir='ltr'><strong>eorum</strong></span> <span class='ocrx_word' id='word_1_73' title='bbox 398 718 467 769; x_wconf 89' lang='lat' dir='ltr'><strong>qui</strong></span> <span class='ocrx_word' id='word_1_74' title='bbox 480 717 591 770; x_wconf 85' lang='lat' dir='ltr'><strong>quasi</strong></span> <span class='ocrx_word' id='word_1_75' title='bbox 616 716 784 756; x_wconf 85' lang='lat' dir='ltr'><strong>officinas</strong></span> <span class='ocrx_word' id='word_1_76' title='bbox 799 717 1064 755; x_wconf 87' lang='lat' dir='ltr'><strong>instruxerunt</strong></span> <span class='ocrx_word' id='word_1_77' title='bbox 1079 715 1293 767; x_wconf 87' lang='lat' dir='ltr'><strong>sapientiae)</strong></span> 
     </span>
     <span class='ocr_line' id='line_1_12' title="bbox 171 769 1298 824; baseline -0.003 -13"><span class='ocrx_word' id='word_1_78' title='bbox 171 786 260 824; x_wconf 85' lang='lat' dir='ltr'><strong>quae</strong></span> <span class='ocrx_word' id='word_1_79' title='bbox 277 772 363 811; x_wconf 89' lang='lat' dir='ltr'><strong>fuse</strong></span> <span class='ocrx_word' id='word_1_80' title='bbox 381 772 474 810; x_wconf 91' lang='lat' dir='ltr'><strong>olim</strong></span> <span class='ocrx_word' id='word_1_81' title='bbox 493 772 787 823; x_wconf 79' lang='lat' dir='ltr'><strong>disputabantur</strong></span> <span class='ocrx_word' id='word_1_82' title='bbox 806 784 850 810; x_wconf 92' lang='grc'><strong>36</strong></span> <span class='ocrx_word' id='word_1_83' title='bbox 867 771 1000 820; x_wconf 88' lang='lat' dir='ltr'><strong>libere,</strong></span> <span class='ocrx_word' id='word_1_84' title='bbox 1021 784 1065 809; x_wconf 90' lang='lat' dir='ltr'><strong>ea</strong></span> <span class='ocrx_word' id='word_1_85' title='bbox 1083 782 1188 809; x_wconf 90' lang='lat' dir='ltr'><strong>nunc</strong></span> <span class='ocrx_word' id='word_1_86' title='bbox 1205 769 1298 808; x_wconf 87' lang='lat' dir='ltr'><strong>arti-</strong></span> 
     </span>
     <span class='ocr_line' id='line_1_13' title="bbox 171 823 1298 878; baseline -0.004 -12"><span class='ocrx_word' id='word_1_87' title='bbox 171 826 331 866; x_wconf 85' lang='lat' dir='ltr'><strong>culatim</strong></span> <span class='ocrx_word' id='word_1_88' title='bbox 361 826 612 878; x_wconf 80' lang='lat' dir='ltr'><strong>distincteque</strong></span> <span class='ocrx_word' id='word_1_89' title='bbox 636 826 829 864; x_wconf 89' lang='lat' dir='ltr'><strong>dicuntur.</strong></span> <span class='ocrx_word' id='word_1_90' title='bbox 873 825 960 864; x_wconf 88' lang='lat' dir='ltr'><strong>Nec</strong></span> <span class='ocrx_word' id='word_1_91' title='bbox 989 825 1094 864; x_wconf 91' lang='lat' dir='ltr'><strong>enim</strong></span> <span class='ocrx_word' id='word_1_92' title='bbox 1124 823 1298 863; x_wconf 87' lang='lat' dir='ltr'><strong>satisfieri</strong></span> 
     </span>
     <span class='ocr_line' id='line_1_14' title="bbox 171 877 1297 942; baseline -0.003 -22"><span class='ocrx_word' id='word_1_93' title='bbox 171 889 325 922; x_wconf 88' lang='lat' dir='ltr'><strong>censent</strong></span> <span class='ocrx_word' id='word_1_94' title='bbox 341 881 433 920; x_wconf 84' lang='lat' dir='ltr'><strong>huic</strong></span> <span class='ocrx_word' id='word_1_95' title='bbox 450 882 547 928; x_wconf 88' lang='grc'>1060,</span> <span class='ocrx_word' id='word_1_96' title='bbox 578 881 647 932; x_wconf 87' lang='lat' dir='ltr'><strong>qui</strong></span> <span class='ocrx_word' id='word_1_97' title='bbox 664 893 768 918; x_wconf 89' lang='lat' dir='ltr'><strong>nunc</strong></span> <span class='ocrx_word' id='word_1_98' title='bbox 787 888 844 919; x_wconf 87' lang='lat' dir='ltr'><strong>est</strong></span> <span class='ocrx_word' id='word_1_99' title='bbox 860 879 902 918; x_wconf 90' lang='lat' dir='ltr'><strong>in</strong></span> <span class='ocrx_word' id='word_1_100' title='bbox 920 879 1115 942; x_wconf 83' lang='lat' dir='ltr'><strong>manibus,</strong></span> <span class='ocrx_word' id='word_1_101' title='bbox 1145 877 1220 916; x_wconf 88' lang='grc'>11151</span> <span class='ocrx_word' id='word_1_102' title='bbox 1238 890 1297 917; x_wconf 86' lang='grc'><strong>56-</strong></span> 
     </span>
     <span class='ocr_line' id='line_1_15' title="bbox 170 931 1297 995; baseline -0.003 -21"><span class='ocrx_word' id='word_1_103' title='bbox 170 936 336 988; x_wconf 84' lang='lat' dir='ltr'><strong>paratim</strong></span> <span class='ocrx_word' id='word_1_104' title='bbox 367 936 440 974; x_wconf 91' lang='lat' dir='ltr'><strong>hoc</strong></span> <span class='ocrx_word' id='word_1_105' title='bbox 472 936 616 987; x_wconf 83' lang='lat' dir='ltr'><strong>ipsum,</strong></span> <span class='ocrx_word' id='word_1_106' title='bbox 649 943 797 973; x_wconf 87' lang='lat' dir='ltr'><strong>naturae</strong></span> <span class='ocrx_word' id='word_1_107' title='bbox 829 947 908 973; x_wconf 89' lang='lat' dir='ltr'><strong>esse</strong></span> <span class='ocrx_word' id='word_1_108' title='bbox 936 935 1016 984; x_wconf 87' lang='lat' dir='ltr'><strong>jus,</strong></span> <span class='ocrx_word' id='word_1_109' title='bbox 1051 931 1297 995; x_wconf 83' lang='lat' dir='ltr'><strong>disputarint.</strong></span> 
     </span>
     <span class='ocr_line' id='line_1_16' title="bbox 170 987 1295 1033; baseline -0.003 -5"><span class='ocrx_word' id='word_1_110' title='bbox 170 990 209 1028; x_wconf 86' lang='lat' dir='ltr'><em>A</em></span> <span class='ocrx_word' id='word_1_111' title='bbox 215 992 342 1029; x_wconf 75' lang='lat' dir='ltr'><strong>ttwus</strong></span> <span class='ocrx_word' id='word_1_112' title='bbox 358 989 413 1029; x_wconf 86' lang='lat' dir='ltr'><strong>Et</strong></span> <span class='ocrx_word' id='word_1_113' title='bbox 427 990 567 1029; x_wconf 86' lang='lat' dir='ltr'><strong>scilicet</strong></span> <span class='ocrx_word' id='word_1_114' title='bbox 581 998 647 1028; x_wconf 91' lang='lat' dir='ltr'><strong>tua</strong></span> <span class='ocrx_word' id='word_1_115' title='bbox 660 989 815 1028; x_wconf 85' lang='lat' dir='ltr'><strong>libertas</strong></span> <span class='ocrx_word' id='word_1_116' title='bbox 829 987 1035 1027; x_wconf 82' lang='lat' dir='ltr'><strong>disserendi</strong></span> <span class='ocrx_word' id='word_1_117' title='bbox 1054 987 1194 1026; x_wconf 84' lang='lat' dir='ltr'><strong>amissa</strong></span> <span class='ocrx_word' id='word_1_118' title='bbox 1212 993 1294 1025; x_wconf 78' lang='grc'>051·</span> <span class='ocrx_word' id='word_1_119' title='bbox 1280 1015 1295 1033; x_wconf 89' lang='grc'>,</span> 
     </span>
     <span class='ocr_line' id='line_1_17' title="bbox 169 1040 1298 1105; baseline -0.004 -22"><span class='ocrx_word' id='word_1_120' title='bbox 169 1052 240 1083; x_wconf 89' lang='grc'>3111</span> <span class='ocrx_word' id='word_1_121' title='bbox 258 1052 301 1083; x_wconf 85' lang='grc'><strong>111</strong></span> <span class='ocrx_word' id='word_1_122' title='bbox 319 1045 352 1084; x_wconf 88' lang='grc'><strong>15</strong></span> <span class='ocrx_word' id='word_1_123' title='bbox 377 1057 430 1093; x_wconf 88' lang='grc'><strong>65,</strong></span> <span class='ocrx_word' id='word_1_124' title='bbox 451 1044 533 1097; x_wconf 89' lang='lat' dir='ltr'><strong>qui,</strong></span> <span class='ocrx_word' id='word_1_125' title='bbox 553 1044 593 1082; x_wconf 91' lang='lat' dir='ltr'><strong>in</strong></span> <span class='ocrx_word' id='word_1_126' title='bbox 604 1042 859 1105; x_wconf 69' lang='lat' dir='ltr'><strong>disputando,</strong></span> <span class='ocrx_word' id='word_1_127' title='bbox 879 1055 957 1081; x_wconf 90' lang='lat' dir='ltr'><strong>non</strong></span> <span class='ocrx_word' id='word_1_128' title='bbox 976 1050 1089 1081; x_wconf 90' lang='lat' dir='ltr'><strong>tuum</strong></span> <span class='ocrx_word' id='word_1_129' title='bbox 1105 1040 1298 1091; x_wconf 88' lang='lat' dir='ltr'><strong>judicium</strong></span> 
     </span>
     <span class='ocr_line' id='line_1_18' title="bbox 171 1097 1296 1151; baseline -0.005 -13"><span class='ocrx_word' id='word_1_130' title='bbox 171 1112 345 1151; x_wconf 83' lang='lat' dir='ltr'><strong>sequare,</strong></span> <span class='ocrx_word' id='word_1_131' title='bbox 375 1098 441 1138; x_wconf 89' lang='lat' dir='ltr'><strong>sed</strong></span> <span class='ocrx_word' id='word_1_132' title='bbox 472 1097 686 1137; x_wconf 78' lang='lat' dir='ltr'><strong>auctoritati</strong></span> <span class='ocrx_word' id='word_1_133' title='bbox 714 1097 879 1136; x_wconf 87' lang='lat' dir='ltr'><strong>aliorum</strong></span> <span class='ocrx_word' id='word_1_134' title='bbox 906 1097 1072 1149; x_wconf 81' lang='lat' dir='ltr'><strong>pareas?</strong></span> <span class='ocrx_word' id='word_1_135' title='bbox 1111 1097 1296 1134; x_wconf 71' lang='lat' dir='ltr'><strong>Marcus.</strong></span> 
     </span>
     <span class='ocr_line' id='line_1_19' title="bbox 170 1147 1297 1205; baseline -0.004 -13"><span class='ocrx_word' id='word_1_136' title='bbox 170 1153 266 1192; x_wconf 90' lang='lat' dir='ltr'><strong>Non</strong></span> <span class='ocrx_word' id='word_1_137' title='bbox 292 1166 455 1205; x_wconf 85' lang='lat' dir='ltr'><strong>semper,</strong></span> <span class='ocrx_word' id='word_1_138' title='bbox 485 1152 601 1191; x_wconf 86' lang='lat' dir='ltr'><strong>Tite:</strong></span> <span class='ocrx_word' id='word_1_139' title='bbox 633 1151 712 1199; x_wconf 86' lang='lat' dir='ltr'><strong>sed,</strong></span> <span class='ocrx_word' id='word_1_140' title='bbox 741 1151 812 1190; x_wconf 84' lang='lat' dir='ltr'><strong>iter</strong></span> <span class='ocrx_word' id='word_1_141' title='bbox 836 1150 956 1201; x_wconf 85' lang='lat' dir='ltr'><strong>hujus</strong></span> <span class='ocrx_word' id='word_1_142' title='bbox 980 1149 1164 1191; x_wconf 88' lang='lat' dir='ltr'><strong>sermonis</strong></span> <span class='ocrx_word' id='word_1_143' title='bbox 1191 1147 1297 1201; x_wconf 90' lang='lat' dir='ltr'><strong>quod</strong></span> 
     </span>
     <span class='ocr_line' id='line_1_20' title="bbox 171 1203 1298 1258; baseline -0.004 -11"><span class='ocrx_word' id='word_1_144' title='bbox 171 1207 234 1256; x_wconf 85' lang='lat' dir='ltr'><strong>sit,</strong></span> <span class='ocrx_word' id='word_1_145' title='bbox 264 1207 381 1247; x_wconf 85' lang='lat' dir='ltr'><strong>vides.</strong></span> <span class='ocrx_word' id='word_1_146' title='bbox 423 1206 493 1245; x_wconf 90' lang='lat' dir='ltr'><strong>Ad</strong></span> <span class='ocrx_word' id='word_1_147' title='bbox 524 1207 756 1258; x_wconf 87' lang='lat' dir='ltr'><strong>respublicas</strong></span> <span class='ocrx_word' id='word_1_148' title='bbox 783 1205 1004 1253; x_wconf 80' lang='lat' dir='ltr'><strong>firmandas,</strong></span> <span class='ocrx_word' id='word_1_149' title='bbox 1035 1213 1072 1243; x_wconf 91' lang='lat' dir='ltr'><strong>et</strong></span> <span class='ocrx_word' id='word_1_150' title='bbox 1101 1203 1152 1242; x_wconf 91' lang='lat' dir='ltr'><strong>ad</strong></span> <span class='ocrx_word' id='word_1_151' title='bbox 1181 1203 1298 1242; x_wconf 86' lang='lat' dir='ltr'><strong>stabi-</strong></span> 
     </span>
     <span class='ocr_line' id='line_1_21' title="bbox 172 1257 1300 1312; baseline -0.004 -11"><span class='ocrx_word' id='word_1_152' title='bbox 172 1261 320 1301; x_wconf 88' lang='lat' dir='ltr'><strong>liendas</strong></span> <span class='ocrx_word' id='word_1_153' title='bbox 339 1262 451 1309; x_wconf 84' lang='lat' dir='ltr'><strong>vires,</strong></span> <span class='ocrx_word' id='word_1_154' title='bbox 472 1261 659 1300; x_wconf 89' lang='lat' dir='ltr'><strong>sanandos</strong></span> <span class='ocrx_word' id='word_1_155' title='bbox 678 1260 855 1312; x_wconf 85' lang='lat' dir='ltr'><strong>populos,</strong></span> <span class='ocrx_word' id='word_1_156' title='bbox 885 1259 1011 1298; x_wconf 88' lang='lat' dir='ltr'><strong>omnis</strong></span> <span class='ocrx_word' id='word_1_157' title='bbox 1029 1266 1157 1298; x_wconf 85' lang='lat' dir='ltr'><strong>nostra</strong></span> <span class='ocrx_word' id='word_1_158' title='bbox 1174 1257 1300 1310; x_wconf 82' lang='lat' dir='ltr'><strong>pergit</strong></span> 
     </span>
     <span class='ocr_line' id='line_1_22' title="bbox 172 1313 1302 1364; baseline -0.004 -9"><span class='ocrx_word' id='word_1_159' title='bbox 172 1316 305 1355; x_wconf 86' lang='lat' dir='ltr'><strong>oratio.</strong></span> <span class='ocrx_word' id='word_1_160' title='bbox 354 1315 544 1364; x_wconf 84' lang='lat' dir='ltr'><strong>Quocirca</strong></span> <span class='ocrx_word' id='word_1_161' title='bbox 576 1328 705 1354; x_wconf 85' lang='lat' dir='ltr'><strong>vereor</strong></span> <span class='ocrx_word' id='word_1_162' title='bbox 736 1314 986 1361; x_wconf 77' lang='lat' dir='ltr'><strong>committere,</strong></span> <span class='ocrx_word' id='word_1_163' title='bbox 1015 1320 1060 1351; x_wconf 94' lang='lat' dir='ltr'><strong>ut</strong></span> <span class='ocrx_word' id='word_1_164' title='bbox 1092 1325 1170 1351; x_wconf 90' lang='lat' dir='ltr'><strong>non</strong></span> <span class='ocrx_word' id='word_1_165' title='bbox 1201 1313 1302 1351; x_wconf 84' lang='lat' dir='ltr'><strong>bene</strong></span> 
     </span>
     <span class='ocr_line' id='line_1_23' title="bbox 173 1367 1297 1423; baseline -0.005 -13"><span class='ocrx_word' id='word_1_166' title='bbox 173 1370 325 1423; x_wconf 81' lang='lat' dir='ltr'><strong>provisa</strong></span> <span class='ocrx_word' id='word_1_167' title='bbox 349 1378 386 1409; x_wconf 90' lang='lat' dir='ltr'><strong>et</strong></span> <span class='ocrx_word' id='word_1_168' title='bbox 411 1370 614 1421; x_wconf 76' lang='lat' dir='ltr'><strong>diligenter</strong></span> <span class='ocrx_word' id='word_1_169' title='bbox 640 1369 837 1420; x_wconf 82' lang='lat' dir='ltr'><strong>explorata</strong></span> <span class='ocrx_word' id='word_1_170' title='bbox 864 1367 1052 1420; x_wconf 84' lang='lat' dir='ltr'><strong>principia</strong></span> <span class='ocrx_word' id='word_1_171' title='bbox 1076 1374 1297 1419; x_wconf 79' lang='lat' dir='ltr'><strong>ponantur·</strong></span> 
     </span>
     <span class='ocr_line' id='line_1_24' title="bbox 173 1420 1299 1484; baseline -0.004 -21"><span class='ocrx_word' id='word_1_172' title='bbox 173 1437 244 1464; x_wconf 90' lang='grc'><strong>066</strong></span> <span class='ocrx_word' id='word_1_173' title='bbox 268 1432 398 1463; x_wconf 85' lang='lat' dir='ltr'><strong>tamen</strong></span> <span class='ocrx_word' id='word_1_174' title='bbox 423 1432 468 1463; x_wconf 89' lang='lat' dir='ltr'><strong>ut</strong></span> <span class='ocrx_word' id='word_1_175' title='bbox 495 1423 674 1463; x_wconf 86' lang='lat' dir='ltr'><strong>omnibus</strong></span> <span class='ocrx_word' id='word_1_176' title='bbox 700 1425 910 1484; x_wconf 84' lang='lat' dir='ltr'><strong>probentur</strong></span> <span class='ocrx_word' id='word_1_177' title='bbox 934 1425 1042 1465; x_wconf 90' lang='lat' dir='ltr'><strong>(nam</strong></span> <span class='ocrx_word' id='word_1_178' title='bbox 1061 1421 1101 1459; x_wconf 92' lang='lat' dir='ltr'><strong>id</strong></span> <span class='ocrx_word' id='word_1_179' title='bbox 1119 1420 1202 1458; x_wconf 83' lang='lat' dir='ltr'><strong>fieri</strong></span> <span class='ocrx_word' id='word_1_180' title='bbox 1220 1432 1299 1459; x_wconf 89' lang='lat' dir='ltr'><strong>non</strong></span> 
     </span>
     <span class='ocr_line' id='line_1_25' title="bbox 172 1475 1298 1531; baseline -0.004 -14"><span class='ocrx_word' id='word_1_181' title='bbox 172 1486 330 1531; x_wconf 87' lang='lat' dir='ltr'><strong>potest),</strong></span> <span class='ocrx_word' id='word_1_182' title='bbox 362 1478 428 1516; x_wconf 88' lang='lat' dir='ltr'><strong>sed</strong></span> <span class='ocrx_word' id='word_1_183' title='bbox 446 1486 491 1516; x_wconf 92' lang='lat' dir='ltr'><strong>ut</strong></span> <span class='ocrx_word' id='word_1_184' title='bbox 508 1478 555 1516; x_wconf 85' lang='lat' dir='ltr'><strong>iis</strong></span> <span class='ocrx_word' id='word_1_185' title='bbox 574 1477 642 1529; x_wconf 90' lang='lat' dir='ltr'><strong>qui</strong></span> <span class='ocrx_word' id='word_1_186' title='bbox 662 1477 792 1515; x_wconf 84' lang='lat' dir='ltr'><strong>omnia</strong></span> <span class='ocrx_word' id='word_1_187' title='bbox 810 1484 912 1515; x_wconf 84' lang='lat' dir='ltr'><strong>recta</strong></span> <span class='ocrx_word' id='word_1_188' title='bbox 926 1484 1042 1528; x_wconf 84' lang='lat' dir='ltr'><strong>atque</strong></span> <span class='ocrx_word' id='word_1_189' title='bbox 1055 1475 1173 1514; x_wconf 75' lang='lat' dir='ltr'><strong>hones</strong></span> <span class='ocrx_word' id='word_1_190' title='bbox 1176 1481 1215 1512; x_wconf 82' lang='lat' dir='ltr'><strong>ta</strong></span> <span class='ocrx_word' id='word_1_191' title='bbox 1228 1486 1298 1526; x_wconf 90' lang='lat' dir='ltr'><strong>per</strong></span> 
     </span>
     <span class='ocr_line' id='line_1_26' title="bbox 174 1527 1300 1584; baseline -0.005 -12"><span class='ocrx_word' id='word_1_192' title='bbox 174 1546 214 1572; x_wconf 85' lang='lat' dir='ltr'><strong>se</strong></span> <span class='ocrx_word' id='word_1_193' title='bbox 233 1532 446 1584; x_wconf 73' lang='lat' dir='ltr'><strong>expetenda</strong></span> <span class='ocrx_word' id='word_1_194' title='bbox 464 1531 672 1577; x_wconf 82' lang='lat' dir='ltr'><strong>duxerunt,</strong></span> <span class='ocrx_word' id='word_1_195' title='bbox 694 1539 731 1569; x_wconf 90' lang='lat' dir='ltr'><strong>et</strong></span> <span class='ocrx_word' id='word_1_196' title='bbox 749 1539 817 1569; x_wconf 86' lang='lat' dir='ltr'><strong>aut</strong></span> <span class='ocrx_word' id='word_1_197' title='bbox 835 1530 933 1568; x_wconf 86' lang='lat' dir='ltr'><strong>nihil</strong></span> <span class='ocrx_word' id='word_1_198' title='bbox 951 1529 1109 1568; x_wconf 84' lang='lat' dir='ltr'><strong>omnino</strong></span> <span class='ocrx_word' id='word_1_199' title='bbox 1127 1529 1169 1566; x_wconf 90' lang='lat' dir='ltr'><strong>in</strong></span> <span class='ocrx_word' id='word_1_200' title='bbox 1188 1527 1300 1567; x_wconf 79' lang='lat' dir='ltr'><strong>bonis</strong></span> 
     </span>
     <span class='ocr_line' id='line_1_27' title="bbox 173 1583 1298 1637; baseline -0.005 -11"><span class='ocrx_word' id='word_1_201' title='bbox 173 1586 473 1632; x_wconf 82' lang='lat' dir='ltr'><strong>numerandum,</strong></span> <span class='ocrx_word' id='word_1_202' title='bbox 489 1586 562 1624; x_wconf 88' lang='lat' dir='ltr'><strong>nisi</strong></span> <span class='ocrx_word' id='word_1_203' title='bbox 581 1583 686 1637; x_wconf 89' lang='lat' dir='ltr'><strong>quod</strong></span> <span class='ocrx_word' id='word_1_204' title='bbox 703 1598 772 1636; x_wconf 89' lang='lat' dir='ltr'><strong>per</strong></span> <span class='ocrx_word' id='word_1_205' title='bbox 790 1584 957 1636; x_wconf 84' lang='lat' dir='ltr'><strong>seipsum</strong></span> <span class='ocrx_word' id='word_1_206' title='bbox 975 1583 1170 1622; x_wconf 88' lang='lat' dir='ltr'><strong>laudabile</strong></span> <span class='ocrx_word' id='word_1_207' title='bbox 1188 1589 1298 1631; x_wconf 71' lang='grc'>05561,</span> 
     </span>
     <span class='ocr_line' id='line_1_28' title="bbox 173 1636 1301 1689; baseline -0.005 -8"><span class='ocrx_word' id='word_1_208' title='bbox 173 1650 242 1680; x_wconf 85' lang='grc'>3111</span> <span class='ocrx_word' id='word_1_209' title='bbox 269 1649 369 1681; x_wconf 81' lang='lat' dir='ltr'><strong>certe</strong></span> <span class='ocrx_word' id='word_1_210' title='bbox 393 1641 548 1679; x_wconf 87' lang='lat' dir='ltr'><strong>nullum</strong></span> <span class='ocrx_word' id='word_1_211' title='bbox 574 1639 798 1678; x_wconf 87' lang='lat' dir='ltr'><strong>habendum</strong></span> <span class='ocrx_word' id='word_1_212' title='bbox 822 1651 1011 1689; x_wconf 85' lang='lat' dir='ltr'><strong>magnum</strong></span> <span class='ocrx_word' id='word_1_213' title='bbox 1035 1639 1199 1684; x_wconf 91' lang='lat' dir='ltr'><strong>bonum,</strong></span> <span class='ocrx_word' id='word_1_214' title='bbox 1226 1636 1301 1675; x_wconf 79' lang='lat' dir='ltr'><strong>nisi</strong></span> 
     </span>
     <span class='ocr_line' id='line_1_29' title="bbox 174 1691 1301 1758; baseline -0.005 -23"><span class='ocrx_word' id='word_1_215' title='bbox 174 1696 280 1758; x_wconf 79' lang='lat' dir='ltr'><strong>quod</strong></span> <span class='ocrx_word' id='word_1_216' title='bbox 298 1708 384 1735; x_wconf 78' lang='lat' dir='ltr'><strong>vere</strong></span> <span class='ocrx_word' id='word_1_217' title='bbox 402 1694 552 1733; x_wconf 82' lang='lat' dir='ltr'><strong>laudari</strong></span> <span class='ocrx_word' id='word_1_218' title='bbox 577 1707 647 1732; x_wconf 86' lang='lat' dir='ltr'><strong>sua</strong></span> <span class='ocrx_word' id='word_1_219' title='bbox 673 1701 808 1745; x_wconf 87' lang='lat' dir='ltr'><strong>sponte</strong></span> <span class='ocrx_word' id='word_1_220' title='bbox 831 1699 968 1754; x_wconf 69' lang='lat' dir='ltr'><strong>posset.</strong></span> <span class='ocrx_word' id='word_1_221' title='bbox 1018 1691 1094 1730; x_wconf 87' lang='lat' dir='ltr'><strong>His</strong></span> <span class='ocrx_word' id='word_1_222' title='bbox 1120 1691 1301 1730; x_wconf 80' lang='lat' dir='ltr'><strong>omnibus</strong></span> 
     </span>
     <span class='ocr_line' id='line_1_30' title="bbox 175 1745 1299 1799; baseline -0.006 -9"><span class='ocrx_word' id='word_1_223' title='bbox 175 1751 271 1794; x_wconf 87' lang='lat' dir='ltr'><strong>(sive</strong></span> <span class='ocrx_word' id='word_1_224' title='bbox 289 1750 330 1789; x_wconf 88' lang='grc'><strong>10</strong></span> <span class='ocrx_word' id='word_1_225' title='bbox 348 1749 562 1788; x_wconf 82' lang='lat' dir='ltr'><strong>Academia</strong></span> <span class='ocrx_word' id='word_1_226' title='bbox 577 1755 702 1786; x_wconf 82' lang='lat' dir='ltr'><strong>vetere</strong></span> <span class='ocrx_word' id='word_1_227' title='bbox 715 1760 805 1786; x_wconf 86' lang='lat' dir='ltr'><strong>cum</strong></span> <span class='ocrx_word' id='word_1_228' title='bbox 820 1746 1050 1799; x_wconf 77' lang='lat' dir='ltr'><strong>Speusippo,</strong></span> <span class='ocrx_word' id='word_1_229' title='bbox 1066 1745 1299 1794; x_wconf 77' lang='lat' dir='ltr'><strong>Xenocrate,</strong></span> 
     </span>
     <span class='ocr_line' id='line_1_31' title="bbox 175 1799 1301 1848; baseline -0.005 -5"><span class='ocrx_word' id='word_1_230' title='bbox 175 1805 386 1844; x_wconf 91' lang='lat' dir='ltr'><strong>Polemone</strong></span> <span class='ocrx_word' id='word_1_231' title='bbox 417 1810 665 1842; x_wconf 87' lang='lat' dir='ltr'><strong>manserunt·</strong></span> <span class='ocrx_word' id='word_1_232' title='bbox 654 1831 666 1848; x_wconf 87' lang='lat'>‚</span> <span class='ocrx_word' id='word_1_233' title='bbox 708 1802 786 1840; x_wconf 92' lang='lat' dir='ltr'><strong>sive</strong></span> <span class='ocrx_word' id='word_1_234' title='bbox 817 1801 1067 1839; x_wconf 77' lang='lat' dir='ltr'><strong>Aristotelem</strong></span> <span class='ocrx_word' id='word_1_235' title='bbox 1099 1807 1137 1838; x_wconf 90' lang='lat' dir='ltr'><strong>et</strong></span> <span class='ocrx_word' id='word_1_236' title='bbox 1168 1799 1301 1838; x_wconf 88' lang='lat' dir='ltr'><strong>Theo-</strong></span> 
     </span>
     <span class='ocr_line' id='line_1_32' title="bbox 171 1852 1300 1911; baseline -0.006 -13"><span class='ocrx_word' id='word_1_237' title='bbox 171 1859 389 1911; x_wconf 87' lang='lat' dir='ltr'><strong>phrastum‚</strong></span> <span class='ocrx_word' id='word_1_238' title='bbox 419 1870 508 1896; x_wconf 88' lang='lat' dir='ltr'><strong>cum</strong></span> <span class='ocrx_word' id='word_1_239' title='bbox 533 1857 609 1895; x_wconf 90' lang='lat' dir='ltr'><strong>illis</strong></span> <span class='ocrx_word' id='word_1_240' title='bbox 631 1870 671 1895; x_wconf 90' lang='lat' dir='ltr'><strong>re</strong></span> <span class='ocrx_word' id='word_1_241' title='bbox 690 1863 953 1907; x_wconf 83' lang='lat' dir='ltr'><strong>congruentes,</strong></span> <span class='ocrx_word' id='word_1_242' title='bbox 980 1867 1118 1906; x_wconf 86' lang='lat' dir='ltr'><strong>genere</strong></span> <span class='ocrx_word' id='word_1_243' title='bbox 1137 1852 1300 1892; x_wconf 86' lang='lat' dir='ltr'><strong>docendi</strong></span> 
     </span>
     <span class='ocr_line' id='line_1_33' title="bbox 173 1907 1298 1965; baseline -0.006 -13"><span class='ocrx_word' id='word_1_244' title='bbox 173 1913 338 1965; x_wconf 84' lang='lat' dir='ltr'><strong>paulum</strong></span> <span class='ocrx_word' id='word_1_245' title='bbox 356 1911 585 1959; x_wconf 88' lang='lat' dir='ltr'><strong>differentes,</strong></span> <span class='ocrx_word' id='word_1_246' title='bbox 615 1911 734 1949; x_wconf 83' lang='lat' dir='ltr'><strong>secuti</strong></span> <span class='ocrx_word' id='word_1_247' title='bbox 752 1918 867 1955; x_wconf 78' lang='lat' dir='ltr'><strong>sunt3</strong></span> <span class='ocrx_word' id='word_1_248' title='bbox 898 1910 989 1956; x_wconf 88' lang='lat' dir='ltr'><strong>sive,</strong></span> <span class='ocrx_word' id='word_1_249' title='bbox 1010 1916 1055 1947; x_wconf 92' lang='lat' dir='ltr'><strong>ut</strong></span> <span class='ocrx_word' id='word_1_250' title='bbox 1074 1908 1221 1946; x_wconf 86' lang='lat' dir='ltr'><strong>Zenoni</strong></span> <span class='ocrx_word' id='word_1_251' title='bbox 1240 1907 1298 1946; x_wconf 86' lang='lat' dir='ltr'><strong>vi-</strong></span> 
     </span>
     <span class='ocr_line' id='line_1_34' title="bbox 173 1963 1299 2014; baseline -0.006 -8"><span class='ocrx_word' id='word_1_252' title='bbox 173 1980 260 2006; x_wconf 85' lang='lat' dir='ltr'><strong>sum</strong></span> <span class='ocrx_word' id='word_1_253' title='bbox 281 1975 350 2014; x_wconf 83' lang='lat' dir='ltr'><strong>est,</strong></span> <span class='ocrx_word' id='word_1_254' title='bbox 379 1968 492 2005; x_wconf 87' lang='lat' dir='ltr'><strong>rebus</strong></span> <span class='ocrx_word' id='word_1_255' title='bbox 518 1978 595 2004; x_wconf 88' lang='lat' dir='ltr'><strong>non</strong></span> <span class='ocrx_word' id='word_1_256' title='bbox 622 1964 881 2011; x_wconf 84' lang='lat' dir='ltr'><strong>commutatis,</strong></span> <span class='ocrx_word' id='word_1_257' title='bbox 910 1963 1213 2001; x_wconf 85' lang='lat' dir='ltr'><strong>immutaverunt</strong></span> <span class='ocrx_word' id='word_1_258' title='bbox 1232 1974 1299 2000; x_wconf 87' lang='lat' dir='ltr'><strong>vo-</strong></span> 
     </span>
     <span class='ocr_line' id='line_1_35' title="bbox 173 2015 1295 2069; baseline -0.006 -9"><span class='ocrx_word' id='word_1_259' title='bbox 173 2021 335 2066; x_wconf 86' lang='lat' dir='ltr'><strong>cabula;</strong></span> <span class='ocrx_word' id='word_1_260' title='bbox 353 2020 430 2059; x_wconf 89' lang='lat' dir='ltr'><strong>sive</strong></span> <span class='ocrx_word' id='word_1_261' title='bbox 444 2028 559 2059; x_wconf 84' lang='grc'>611310</span> <span class='ocrx_word' id='word_1_262' title='bbox 573 2018 766 2058; x_wconf 83' lang='lat' dir='ltr'><strong>Aristonis</strong></span> <span class='ocrx_word' id='word_1_263' title='bbox 781 2017 975 2056; x_wconf 85' lang='lat' dir='ltr'><strong>difficilem</strong></span> <span class='ocrx_word' id='word_1_264' title='bbox 989 2025 1104 2069; x_wconf 88' lang='lat' dir='ltr'><strong>atque</strong></span> <span class='ocrx_word' id='word_1_265' title='bbox 1119 2015 1295 2062; x_wconf 80' lang='lat' dir='ltr'><strong>arduam,</strong></span> 
     </span>
     <span class='ocr_line' id='line_1_36' title="bbox 173 2069 1297 2125; baseline -0.006 -11"><span class='ocrx_word' id='word_1_266' title='bbox 173 2075 242 2114; x_wconf 87' lang='lat' dir='ltr'><strong>sed</strong></span> <span class='ocrx_word' id='word_1_267' title='bbox 265 2076 349 2125; x_wconf 85' lang='lat' dir='ltr'><strong>jam</strong></span> <span class='ocrx_word' id='word_1_268' title='bbox 375 2083 505 2113; x_wconf 82' lang='lat' dir='ltr'><strong>tamen</strong></span> <span class='ocrx_word' id='word_1_269' title='bbox 529 2074 690 2112; x_wconf 80' lang='lat' dir='ltr'><strong>fractam</strong></span> <span class='ocrx_word' id='word_1_270' title='bbox 718 2080 755 2111; x_wconf 91' lang='lat' dir='ltr'><strong>et</strong></span> <span class='ocrx_word' id='word_1_271' title='bbox 780 2072 990 2111; x_wconf 78' lang='lat' dir='ltr'><strong>convictam</strong></span> <span class='ocrx_word' id='word_1_272' title='bbox 1018 2078 1159 2109; x_wconf 80' lang='lat' dir='ltr'><strong>sectam</strong></span> <span class='ocrx_word' id='word_1_273' title='bbox 1178 2069 1297 2108; x_wconf 82' lang='lat' dir='ltr'><strong>secuti</strong></span> 
     </span>
     <span class='ocr_line' id='line_1_37' title="bbox 173 2123 1296 2178; baseline -0.006 -10"><span class='ocrx_word' id='word_1_274' title='bbox 173 2137 278 2177; x_wconf 85' lang='lat' dir='ltr'><strong>sunt,</strong></span> <span class='ocrx_word' id='word_1_275' title='bbox 308 2136 366 2177; x_wconf 92' lang='lat' dir='ltr'><strong>ut,</strong></span> <span class='ocrx_word' id='word_1_276' title='bbox 398 2128 603 2167; x_wconf 81' lang='lat' dir='ltr'><strong>virtutibus</strong></span> <span class='ocrx_word' id='word_1_277' title='bbox 621 2127 788 2178; x_wconf 86' lang='lat' dir='ltr'><strong>exceptis</strong></span> <span class='ocrx_word' id='word_1_278' title='bbox 815 2134 931 2178; x_wconf 87' lang='lat' dir='ltr'><strong>atque</strong></span> <span class='ocrx_word' id='word_1_279' title='bbox 956 2125 1071 2173; x_wconf 82' lang='lat' dir='ltr'><strong>vitiis,</strong></span> <span class='ocrx_word' id='word_1_280' title='bbox 1100 2130 1235 2163; x_wconf 85' lang='lat' dir='ltr'><strong>caetera</strong></span> <span class='ocrx_word' id='word_1_281' title='bbox 1256 2123 1296 2161; x_wconf 89' lang='grc'><strong>10</strong></span> 
     </span>
     <span class='ocr_line' id='line_1_38' title="bbox 173 2178 1298 2234; baseline -0.006 -12"><span class='ocrx_word' id='word_1_282' title='bbox 173 2196 329 2223; x_wconf 88' lang='lat' dir='ltr'><strong>summa</strong></span> <span class='ocrx_word' id='word_1_283' title='bbox 347 2182 564 2234; x_wconf 84' lang='lat' dir='ltr'><strong>aequalitate</strong></span> <span class='ocrx_word' id='word_1_284' title='bbox 582 2188 783 2233; x_wconf 84' lang='lat' dir='ltr'><strong>ponerent)</strong></span> <span class='ocrx_word' id='word_1_285' title='bbox 807 2180 868 2218; x_wconf 88' lang='lat' dir='ltr'><strong>his</strong></span> <span class='ocrx_word' id='word_1_286' title='bbox 885 2179 1065 2218; x_wconf 90' lang='lat' dir='ltr'><strong>omnibus</strong></span> <span class='ocrx_word' id='word_1_287' title='bbox 1083 2178 1178 2226; x_wconf 81' lang='lat' dir='ltr'><strong>haec,</strong></span> <span class='ocrx_word' id='word_1_288' title='bbox 1209 2190 1298 2229; x_wconf 87' lang='lat' dir='ltr'><strong>quae</strong></span> 
     </span>
     <span class='ocr_line' id='line_1_39' title="bbox 171 2233 1281 2290; baseline -0.005 -13"><span class='ocrx_word' id='word_1_289' title='bbox 171 2237 267 2287; x_wconf 85' lang='lat' dir='ltr'><strong>dixi,</strong></span> <span class='ocrx_word' id='word_1_290' title='bbox 296 2238 518 2289; x_wconf 82' lang='lat' dir='ltr'><strong>probantur.</strong></span> <span class='ocrx_word' id='word_1_291' title='bbox 549 2236 631 2275; x_wconf 89' lang='lat' dir='ltr'><strong>Sibi</strong></span> <span class='ocrx_word' id='word_1_292' title='bbox 651 2242 782 2290; x_wconf 80' lang='lat' dir='ltr'><strong>autem</strong></span> <span class='ocrx_word' id='word_1_293' title='bbox 803 2233 1062 2285; x_wconf 64' lang='lat' dir='ltr'><strong>indulgentes,</strong></span> <span class='ocrx_word' id='word_1_294' title='bbox 1091 2239 1129 2272; x_wconf 88' lang='lat' dir='ltr'><strong>et</strong></span> <span class='ocrx_word' id='word_1_295' title='bbox 1147 2243 1281 2284; x_wconf 83' lang='lat' dir='ltr'><strong>corpor</strong></span> 
     </span>
    </p>
   </div>
  </div>
 </body>
</html>
