1470 2402
241 90 323 130 400
500 91 579 132 DE
608 92 907 142 ΑΜ101Τ1Α,
931 92 1037 133 οη,
1056 92 1124 138 27.

240 197 426 249 Paulum,
446 200 510 239 M.
526 201 728 252 Catonem,
749 202 793 242 C.
811 201 987 250 Gallum,
1007 201 1055 240 P.
1076 198 1275 248 Nasicam,
1293 194 1360 236 'ri

242 252 476 316 Gracchum,
490 255 676 307 Scipionis
688 257 806 295 nostri
817 269 1002 304 socerum,
1016 254 1233 294 dileximus.
1262 252 1361 290 Haec

239 307 357 346 etiam
374 309 497 360 magis
516 310 638 348 elucet
655 310 753 349 inter
771 311 950 362 aequales,
970 318 1015 348 ut
1032 310 1130 348 inter
1143 321 1207 346 me
1225 314 1263 346 et
1280 305 1364 346 Sci-

238 362 410 414 pionem,
438 363 486 400 L.
509 363 688 412 Furium,
709 364 755 402 P.
778 364 998 416 Rupilium,
1019 365 1085 415 Sp.
1101 360 1361 401 Mummium.

240 415 422 456 Vicissim
446 426 576 456 autem
603 431 707 458 senes
732 418 772 456 in
797 418 1094 457 adolescentium
1118 416 1272 455 caritate
1300 426 1363 452 ac-

239 470 495 532 (11110501111115ς
521 480 565 510 111
583 472 623 510 111
643 473 781 519 vestra,
801 480 846 511 ut
863 473 905 510 in
924 472 976 520 Q.
990 470 1232 510 Tuberonis:
1255 467 1363 520 equi-

237 524 329 563 dem
358 525 475 564 etiam
504 525 715 565 admodum
747 526 1005 574 adolescentis,
1044 526 1091 564 P.
1119 523 1274 572 Rutilii,
1306 522 1362 560 A.

240 577 424 629 Virginii,
452 579 710 619 familiaritate
726 581 900 619 delector.
940 580 1215 630 Quoniamque
1232 578 1287 616 ita
1303 589 1364 614 ra-

239 632 294 670 tio
312 642 530 684 comparata
544 642 599 672 est
613 635 700 673 vitae
714 643 936 686 naturaeque
946 642 1098 682 nostrae,
1117 641 1164 671 ut
1180 632 1258 671 alia
1274 638 1364 669 aetas

240 687 409 732 oriatur;
446 687 617 726 maxime
649 688 807 739 quidem
839 687 1052 739 optandum
1084 695 1154 735 est,
1191 693 1237 724 ut
1271 697 1363 723 cum

239 740 454 802 aequah'bus
477 742 612 792 possis,
639 742 870 793 quibuscum
894 750 1094 793 tamquam
1113 754 1134 781 e
1152 739 1363 780 carceribus

239 794 400 834 emissus
426 795 489 842 sis,
515 808 605 833 cum
631 795 766 834 iisdem
785 795 834 834 ad
853 795 995 836 calcem
1016 798 1077 838 (ut
1094 795 1250 842 dicitur)
1277 806 1364 845 per-

238 849 379 888 venire.
420 848 510 896 Sed,
531 850 715 900 quoniam
733 863 791 888 res
809 850 991 888 humanae
1014 849 1168 901 fragiles
1193 848 1364 887 caducae-

239 916 317 955 que
341 910 445 951 sunt,
472 916 620 954 semper
638 904 760 955 aliqui
781 903 1009 956 anquirendi
1032 910 1134 952 sunt,
1162 915 1258 965 quos
1275 901 1365 939 dili-

238 970 391 1009 gamus,
413 964 449 996 et
468 970 490 996 a
508 958 649 1009 quibus
674 958 892 1009 diligamur.
933 957 1100 996 Caritate
1126 958 1230 996 enim
1247 958 1364 995 bene-

238 1011 482 1063 volentiaque
500 1012 666 1061 sublata,
686 1012 812 1050 01111115
830 1020 884 1050 051
911 1025 931 1050 0
955 1012 1034 1050 vita
1058 1012 1237 1050 sublata'
1222 1023 1365 1061 jucun-

238 1065 348 1104 ditas.
390 1065 496 1104 Mihi
526 1066 682 1118 quidem
708 1066 849 1118 Scipio,
881 1078 1120 1119 quamquam
1150 1073 1206 1104 est
1235 1064 1362 1104 subito

239 1127 403 1171 ereptus,
438 1120 531 1158 vivit
564 1129 708 1168 tamen,
746 1133 971 1172 semperque
1003 1121 1104 1159 vivet
1121 1134 1131 1158 :
1179 1119 1362 1159 virtutem

237 1174 344 1213 enim
368 1174 494 1212 amavi
516 1174 620 1213 illius
645 1175 730 1223 viri,
757 1189 845 1226 quae
869 1174 1054 1213 exstincta
1071 1187 1150 1213 non
1168 1181 1236 1213 est.
1276 1173 1364 1212 Nec

237 1228 336 1266 mihi
354 1228 425 1266 soli
443 1236 612 1267 versatur
635 1237 723 1267 ante
747 1229 890 1277 oculos,
918 1228 987 1280 qui
1010 1228 1119 1266 illam
1144 1240 1293 1280 semper
1321 1227 1362 1266 in

236 1283 418 1320 manibus
435 1282 579 1328 habui;
609 1282 676 1321 sed
694 1282 808 1321 etiam
834 1282 992 1334 posteris
1017 1282 1089 1321 erit
1113 1282 1214 1320 clara
1239 1290 1276 1320 et
1302 1281 1362 1320 in-

235 1336 367 1399 5131115.
406 1337 535 1375 Νο1110
561 1349 734 1388 unquam
762 1337 890 1374 animo
909 1343 977 1375 aut
995 1350 1060 1388 spe
1079 1337 1225 1385 majora
1243 1336 1362 1374 susci-

235 1392 330 1442 piet,
358 1390 428 1442 qui
452 1391 524 1429 sibi
549 1403 626 1430 non
649 1391 753 1429 illius
770 1391 997 1430 memoriam
1016 1398 1131 1443 atque
1149 1390 1359 1442 imaginem

233 1444 523 1499 proponendam
541 1452 664 1498 putet.

291 1499 502 1553 Equidem,
531 1512 578 1538 ex
603 1499 782 1539 omnibus
806 1500 919 1539 rebus
944 1514 1040 1553 quas
1064 1498 1162 1538 mihi
1190 1506 1258 1538 aut
1280 1499 1360 1539 for-

237 1560 334 1593 tuna
350 1560 418 1592 aut
436 1561 574 1592 natura
592 1554 739 1601 tribuit,
759 1554 857 1592 nihil
874 1555 1011 1603 habeo,
1032 1554 1137 1606 quod
1155 1567 1243 1593 cum
1262 1554 1361 1592 ami-

235 1608 326 1647 citia
351 1608 537 1659 Scipionis
560 1608 703 1659 possim
728 1621 958 1666 comparare.
1014 1609 1066 1647 111
1093 1608 1167 1646 1130
1189 1608 1287 1646 1111111
1312 1607 1360 1647 (10

234 1662 432 1714 republica
449 1675 665 1708 consensus,
685 1662 726 1700 in
748 1662 820 1700 hac
837 1675 965 1701 rerum
983 1663 1219 1714 privatarum
1239 1661 1360 1701 consi-

233 1716 374 1766 lium,
363 1729 403 1753 111
418 1715 552 1754 eadem
566 1716 723 1780 requies
727 1716 842 1767 plena
853 1716 1112 1755 oblectationis
1126 1715 1212 1754 fuit.
1242 1716 1360 1754 Nun-

233 1784 354 1822 quam
372 1770 486 1808 illum
504 1783 552 1808 ne
570 1770 734 1808 minima
751 1770 907 1821 quidem
922 1784 963 1809 re
977 1770 1132 1817 offendi,
1153 1770 1257 1821 quod
1272 1771 1359 1822 qui-

233 1824 323 1863 dem
343 1824 549 1863 senserim:
569 1824 668 1862 nihil
685 1824 815 1863 audivi
834 1837 882 1863 ex
901 1837 944 1863 eo
961 1825 1056 1876 ipse,
1077 1824 1182 1876 quod
1199 1825 1357 1862 nollem.

232 1878 326 1917 Una
345 1878 483 1916 domus
500 1885 593 1925 erat,
612 1878 715 1916 idem
735 1878 870 1927 victus,
894 1879 1003 1930 isque
1022 1878 1261 1917 communis·
1250 1907 1262 1924 ,
1291 1891 1358 1917 ne·

232 1945 309 1984 que
334 1932 459 1971 solum
477 1932 627 1980 militia,
647 1932 713 1970 sed
731 1932 846 1971 etiam
864 1932 1182 1984 peregrinationes
1200 1932 1359 1971 rustica-

233 1987 431 2037 tionesque
445 1998 679 2024 communes.
708 1986 815 2024 Nam
831 1986 924 2038 quid
939 1999 1008 2037 ego
1023 1986 1070 2024 de
1082 1985 1216 2024 studiis
1230 1986 1357 2025 dicam

230 2039 479 2090 cognoscendi
504 2053 653 2091 semper
677 2040 838 2091 aliquid,
865 2048 981 2092 atque
1005 2039 1188 2087 discendi,
1208 2040 1248 2078 in
1268 2040 1355 2092 qui-

232 2095 320 2139 bus,
347 2093 483 2136 remoti
501 2095 549 2132 ab
567 2094 686 2132 oculis
709 2094 858 2146 populi,
884 2106 999 2133 omne
1017 2094 1182 2136 otiosum
1200 2101 1353 2145 tempus

232 2147 510 2186 contrivimus?
540 2147 719 2195 Quarum
737 2161 866 2186 rerum
884 2147 1091 2192 recordatio
1115 2155 1153 2186 et
1169 2147 1356 2186 memoria

229 2200 261 2243 si
279 2201 359 2240 una
376 2214 465 2243 cum
483 2201 550 2241 illo
568 2201 775 2252 occidisset,
795 2201 1026 2242 desiderium
1052 2201 1353 2253 conjunctissimi
