1470 2402
270 89 348 128 DE
378 88 641 139 OFFICIIS‚
663 90 763 128 LIB.
785 91 819 129 Ι.
842 89 947 130 CAP.
972 91 1033 129 10.
1132 92 1211 131 209

108 204 187 246 tur,
215 196 415 236 inferenda
445 209 494 237 ne
523 198 586 236 cui
612 205 773 237 noceant
796 197 962 248 injuria:
993 198 1034 236 in
1059 198 1224 237 alterum

107 251 294 290 incidunt.
333 251 515 290 Discendi
533 252 636 290 enim
654 253 779 291 studio
797 252 985 303 impediti,
1010 265 1105 303 quos
1122 252 1221 290 tueri

108 305 263 353 debent,
283 305 472 344 deserunt.
501 306 640 358 Itaque
658 320 720 345 eos
738 307 787 345 ad
800 306 1077 358 rempublicam
1096 319 1145 344 ne
1164 319 1226 344 ac-

108 372 276 398 cessuros
293 360 450 410 quidem
467 367 620 411 putant,
639 361 712 399 nisi
731 369 899 399 coactos:
932 361 1077 411 aequius
1096 367 1226 397 autem

110 420 191 452 0131
208 413 250 451 id
268 414 462 452 voluntate
485 414 591 452 fieri:
635 427 727 453 nam
751 415 823 453 hoc
847 415 976 466 ipsum
1000 414 1055 453 ita
1076 414 1227 463 justum

110 475 181 514 est,
201 467 306 518 quod
323 475 421 506 recte
439 468 497 516 fit,
518 469 549 506 si
568 476 623 506 est
640 468 911 507 voluntarium.

166 521 268 559 Sunt
286 521 415 569 etiam,
435 522 517 573 qui,
538 530 605 560 aut
623 523 748 561 studio
766 522 820 560 rei
844 521 1042 561 familiaris
1061 520 1228 569 tuendae,

112 582 181 613 aut
199 575 286 613 odio
304 576 473 627 quodam
484 576 700 621 hominum,
715 589 828 615 suum
847 589 885 615 se
903 576 1100 637 negotium
1118 588 1230 636 38010

113 629 256 677 1110301,
277 642 326 668 00
349 629 472 668 facere
497 631 678 681 cuiquam
697 631 896 669 videantur
920 630 1133 691 1113011301ς
1163 629 1232 680 qui

113 683 256 721 311010
245 684 441 732 mjustitiae
454 697 590 735 genere
604 693 760 723 vacant·
748 713 760 731 ,
787 685 827 721 in
841 684 1005 721 alterum
1018 684 1230 721 incurrunt.

116 737 309 775 Das-erunt
327 738 430 776 enim
448 738 535 776 vitae
553 738 782 785 societatem,
803 737 894 788 quia
917 737 1016 775 nihil
1033 736 1234 776 conferunt

116 791 158 829 in
176 804 262 829 eam
281 791 411 839 studii,
431 792 528 829 nihil
546 805 682 843 operae,
699 791 796 829 nihil
815 791 1053 830 facultatum.
1208 828 1210 831 ,

172 844 370 892 Quoniam
388 845 519 896 igitur,
540 846 688 885 duobus
706 846 908 896 generibus
932 844 1128 895 injustitiae
1146 857 1235 896 pro-

113 899 264 951 -positis,
284 899 533 960 adjunximus
552 912 680 937 causas
699 899 898 961 utriusque
915 899 1076 960 generis,
1097 912 1236 950 easque

117 966 176 991 res
195 960 283 992 ante
296 953 574 1000 constituimus,
590 953 730 1004 quibus
745 953 893 1002 justitia
911 953 1150 998 continetur;
1177 953 1236 991 fa-

117 1007 202 1054 dle,
223 1007 327 1058 quod
344 1007 530 1058 cujusque
553 1007 735 1058 temporis
752 1006 920 1045 officium
945 1007 1006 1053 511,
1027 1007 1236 1058 poterimus

119 1060 211 1105 (nisi
245 1061 494 1111 nosmetipsos
529 1061 639 1100 valde
675 1061 908 1108 amabimus)
938 1060 1120 1111 judicare.
1164 1061 1237 1099 Est

123 1113 267 1167 [enim]
289 1114 450 1152 difficilis
473 1127 564 1153 cura
581 1128 710 1155 rerum
730 1115 966 1160 alienarum3
996 1128 1235 1166 quamquam

121 1169 376 1207 Terentianus
393 1168 459 1206 ille
477 1168 663 1208 Chremes
688 1171 717 1192 “
737 1169 899 1209 humani
917 1169 1015 1207 nihil
1039 1183 1063 1208 3
1088 1182 1126 1207 50
1145 1169 1237 1208 3110-

120 1235 218 1260 0001
236 1223 387 1274 putat.”
428 1223 505 1262 Sed
522 1230 666 1261 tamen.
688 1223 779 1285 quia
804 1223 926 1284 magis
945 1236 989 1262 ea
1006 1223 1238 1275 percipimus

119 1284 236 1328 atque
265 1276 462 1338 sentimus,
496 1290 584 1328 quae
615 1278 724 1316 nobis
751 1277 842 1329 ipsis
869 1286 936 1316 aut
963 1290 1142 1329 prospera
1170 1285 1238 1316 aut

120 1331 277 1370 adversa
295 1331 488 1379 eveniunt,
505 1344 623 1382 quam
634 1332 716 1381 illa,
732 1345 820 1383 quae
838 1331 979 1370 caeteris
992 1335 1109 1383 (quae,
1126 1332 1237 1382 quasi

120 1385 237 1436 longo
254 1385 453 1424 intervallo
478 1386 690 1436 interjecto,
708 1386 921 1433 videmus)·
910 1415 922 1431 ‚
952 1386 1061 1424 aliter
1079 1385 1126 1423 de
1145 1386 1236 1433 11115,

120 1452 165 1478 30
182 1439 230 1478 110
251 1439 374 1487 nobis,
398 1439 628 1489 judicamus.
669 1440 858 1488 Quocirca
876 1442 973 1478 bene
995 1440 1238 1491 praeeipiunt,

121 1493 190 1544 qui
214 1500 344 1532 vetant
368 1493 582 1545 quidquam
608 1507 732 1546 agere,
753 1494 871 1546 quod,
892 1494 1056 1541 dubites,
1084 1507 1241 1544 aequum

122 1548 171 1585 sit
200 1560 249 1585 311
277 1547 468 1599 iniquum.
508 1549 690 1600 AEquitas
719 1549 822 1586 enim
847 1549 949 1587 lucet
972 1549 1056 1600 ipsa
1080 1561 1148 1599 per
1174 1561 1238 1586 se:

123 1601 310 1639 dubitatio
328 1602 597 1652 cogitationem
614 1603 801 1654 significat
818 1602 981 1651 injuriae.

177 1655 230 1693 X.
260 1655 336 1694 Sed
371 1655 546 1694 incidunt
581 1670 681 1708 saepe
717 1664 903 1707 tempora,
938 1668 1028 1694 cum
1061 1669 1118 1703 03,
1153 1668 1241 1706 quae

123 1709 294 1748 maxime
322 1709 499 1748 videntur
528 1710 645 1761 digna
674 1723 753 1749 esse
781 1712 884 1760 justo
915 1710 1086 1756 homine,
1121 1722 1242 1760 eoque

121 1776 238 1816 quem
266 1763 393 1801 virum
420 1765 567 1801 bonum
592 1764 769 1811 dicimus,
799 1771 1098 1811 commutantur,
1125 1763 1242 1802 fiunt-

121 1831 198 1870 que
217 1818 427 1856 contraria:
451 1824 496 1855 ut
510 1817 664 1856 reddere
682 1817 911 1869 depositum,
932 1817 1165 1868 promissum
1183 1817 1242 1856 fa-

120 1885 216 1920 cere,
237 1885 401 1923 quaeque
418 1871 608 1922 pertinent
633 1871 682 1910 ad
700 1872 896 1910 veritatem
916 1879 953 1910 et
977 1871 1027 1910 ad
1044 1871 1175 1918 fidem,
1196 1885 1241 1910 ea

121 1927 287 1977 migrare
300 1925 508 1975 interdum,
522 1933 560 1964 et
573 1938 650 1964 non
662 1939 822 1974 servare,
836 1926 883 1964 sit
898 1926 1060 1974 justum.
1088 1925 1241 1964 Referri

119 1980 224 2019 enim
243 1979 349 2018 decet
367 1980 416 2018 ad
435 1993 492 2028 ea,
512 1993 599 2031 quae
617 1980 798 2032 proposui
819 1980 861 2017 in
878 1980 1078 2031 principio,
1099 1979 1242 2021 fundas

120 2041 253 2073 menta
263 2034 440 2083 justitiae:
465 2034 650 2085 primum,
666 2042 712 2073 ut
725 2047 773 2072 ne
788 2034 850 2073 001
865 2041 1065 2079 110003101;
1086 2033 1237 2081 deinde,

121 2095 166 2126 ut
197 2089 394 2127 communi
424 2088 582 2126 utilitati
610 2089 805 2127 serviatur.
850 2087 935 2137 [Ea
954 2101 1044 2127 cum
1068 2095 1239 2140 tempore

120 2144 443 2195 commutantur-fl
460 2150 718 2183 commutatur
736 2143 920 2191 officium,
935 2150 974 2182 01
991 2154 1069 2182 non
1088 2155 1237 2194 semper

841 2207 868 2234 ’r
890 2197 916 2234 3
