1470 2402
218 67 298 108 DE
316 67 731 119 DIVINATIONE,
752 67 852 108 Lm.
873 67 908 107 1.
929 66 1115 107 011258.
1172 65 1222 104 61

108 177 206 217 zicus
213 175 466 240 “Hei-aclides,
485 177 695 217 salubrisne
712 190 761 216 an
779 177 955 238 pestilens
974 187 1096 214 annus
1112 174 1222 214 futu-

110 244 176 270 rus
193 231 253 270 sit.
292 232 414 294 Nam,
439 233 470 271 si
494 232 685 271 obscurior
704 244 740 271 et
758 231 868 284 quasi
892 230 1095 281 caliginosa
1113 228 1222 267 stella

109 285 305 335 exstiterit,
332 286 475 348 pingue
494 294 531 325 et
555 294 772 325 concretum
797 299 874 324 esse
898 285 1050 346 coelum,
1076 291 1121 321 ut
1138 283 1221 332 ejus

110 338 312 391 adspiratio
335 341 459 391 gravis
483 349 520 379 et
544 341 720 401 pestilens
738 340 868 378 futura
887 339 957 378 sit.
988 338 1046 376 sin
1063 336 1222 375 illustris

114 400 151 432 et
167 393 361 445 perlucida
379 395 487 433 stella
504 395 733 447 apparuerit,
757 393 972 445 significari,
988 392 1125 430 coelum
1144 403 1222 428 esse

110 453 223 486 tenue
239 461 471 501 purumque,
501 458 538 487 et
559 457 757 501 propterea
775 448 936 487 salubre.
978 445 1222 484 Democritus

109 508 238 540 autem
257 511 394 551 censet,
414 503 599 554 sapienter
616 502 821 541 instituisse
839 510 993 550 veteres,
1013 508 1058 538 ut
1081 498 1222 538 hostia-

109 568 198 593 rum
227 555 512 595 immolatarum
542 557 813 609 inspicerentur
845 564 946 603 exta,
976 567 1141 607 quorum
1173 565 1222 591 ex

109 609 242 648 habitu
267 618 382 662 atque
405 625 452 649 ex
477 612 598 650 colore
623 620 707 649 tum
733 584 976 657 salubritatis,
1002 617 1088 646 tum
1106 607 1222 660 pasti-

110 663 249 714 lentiae,
278 665 386 716 signa
402 666 569 717 pereipi;
598 677 877 716 nonnunquam
903 664 1031 711 etiam,
1061 676 1148 714 quae
1174 661 1224 699 sit

111 718 172 756 vel
197 719 369 758 sterilitas
388 733 565 771 agrorum
585 720 644 758 vel
662 719 834 758 fertilitas
858 718 998 756 futmra.
1029 716 1131 764 Quae
1149 715 1180 753 si
1199 728 1223 753 a

111 774 247 811 natura
265 773 431 825 profecta
448 776 580 813 obsen
582 774 656 812 atio
675 781 789 824 atque
806 786 897 810 usus
912 771 1079 823 agnovit,
1099 770 1225 808 multa

111 825 243 865 afferre
256 828 380 878 potuit
399 828 490 874 dies,
520 840 607 878 quae
625 826 958 865 animadvertendo
976 833 1221 869 notarentur3

110 888 155 917 ut
173 880 237 919 ille
251 881 504 929 Pacuvianus,
521 881 588 932 qui
601 881 642 918 in
661 881 805 945 Chryse
819 880 997 932 physicus
1015 879 1222 926 inducitur,

109 933 268 973 minime
287 942 463 973 naturam
481 947 608 973 rerum
628 938 806 986 cognosse
826 934 1009 973 videatur.

164 1010 193 1032 “
209 1009 315 1048 Nam
332 1009 426 1058 istis,
445 1010 513 1061 qui
529 1010 703 1072 linguam
723 1022 766 1047 av
770 1009 853 1046 ium
871 1008 1104 1060 intelligunt,

162 1062 334 1115 Plusque
352 1077 399 1102 ex
417 1064 568 1102 alieno
554 1077 677 1114 Jecore
696 1063 861 1114 sapiunt,
883 1075 1000 1114 quam
1019 1075 1067 1100 ex
1086 1074 1169 1109 suo,

161 1116 293 1169 Magis
311 1118 561 1167 audiendum,
582 1131 699 1170 quam
719 1117 1029 1166 auscultandum,
1050 1114 1224 1155 censeo?

110 1203 213 1242 Cur.
203 1206 222 1231 9
250 1217 402 1266 quaeso3
432 1219 521 1244 cum
538 1206 632 1258 ipse,
645 1206 776 1259 paucis
793 1205 1022 1259 interpositis
1040 1204 1224 1253 versibus,

109 1257 211 1297 dicas
229 1259 318 1298 satis
335 1260 553 1300 luculente.

165 1336 195 1357 ‘⁶
210 1333 413 1387 Quidquid
437 1344 492 1374 est
516 1337 602 1386 hoc,
629 1337 759 1376 omnia
783 1337 943 1386 animat,
967 1334 1121 1384 format,
1142 1334 1225 1382 alit,

270 1398 397 1441 auget,
418 1398 532 1439 creat,

165 1442 320 1494 Sepelit,
354 1444 561 1496 recipitque
591 1445 632 1483 in
664 1458 742 1485 sese
777 1444 934 1491 omnia3
975 1443 1227 1495 omniumque

270 1497 373 1535 idem
392 1507 447 1536 est
464 1508 595 1550 pater.

166 1549 421 1603 Indidemque
445 1553 592 1601 eadem,
618 1567 705 1605 quae
723 1553 898 1592 oriuntur
916 1551 963 1591 de
981 1551 1143 1604 integro,
1169 1557 1226 1590 at-

272 1618 347 1657 que
366 1606 498 1645 eodem
517 1582 733 1646 occidunt?

113 1691 222 1740 Quid
246 1700 302 1731 est
325 1693 456 1755 igitur,
487 1707 568 1743 cur,
594 1708 684 1734 cum
708 1695 844 1734 domus
870 1695 917 1733 sit
940 1693 1115 1733 omnium
1133 1705 1225 1740 una,

112 1759 233 1798 eaque
257 1749 483 1796 communis,
513 1762 678 1801 cumque
707 1750 826 1787 animi
854 1749 1056 1787 hominum
1082 1760 1231 1799 semper

114 1800 269 1849 fuerint,
298 1801 494 1854 futurique
512 1803 600 1852 sint,
621 1817 687 1841 cur
712 1803 752 1851 ιι,
780 1803 874 1854 quid
900 1816 948 1841 ex
973 1815 1126 1853 quoque
1144 1814 1229 1839 eve-

114 1855 213 1915 niat3
230 1863 266 1893 et
285 1855 379 1907 quid
396 1869 590 1909 quamque
608 1870 691 1896 rem
709 1856 906 1908 significet,
926 1856 1134 1908 perspicere
1151 1867 1229 1894 non

167 1908 260 1946 ssint
274 1911 291 1932 ⁹

115 1922 331 2002 PoLVIII.
361 1964 458 2002 Haec
486 1964 619 2013 habui,
650 1965 790 2016 inquit,
817 1964 865 2003 de
889 1964 1120 2003 divinatione
1145 1976 1232 2015 quae

114 2015 449 2057 dicerem.ch
466 2019 533 2057 illa
552 2021 732 2066 testabor,
759 2031 836 2056 non
854 2032 918 2057 me
937 2019 1145 2070 sortilegos,
1165 2030 1233 2056 ne-

115 2084 192 2122 que
216 2084 278 2110 eos
303 2072 371 2124 qui
396 2076 561 2124 quaestus
586 2087 701 2112 eausa
724 2073 973 2134 bariolentur‚
1000 2086 1049 2112 ne
1072 2072 1234 2124 psycho-

115 2125 261 2164 mantia
278 2126 451 2178 quidem,
471 2128 613 2180 quibus
631 2127 788 2180 Appius
807 2127 952 2167 amicus
977 2135 1067 2167 tuus
1090 2126 1150 2165 uti
1172 2138 1232 2164 so-

120 2177 239 2231 lebat,
258 2193 470 2232 agnoscere.
