<?xml version="1.0" encoding="UTF-8"?>
<!DOCTYPE html PUBLIC "-//W3C//DTD XHTML 1.0 Transitional//EN"
    "http://www.w3.org/TR/xhtml1/DTD/xhtml1-transitional.dtd">
<html xmlns="http://www.w3.org/1999/xhtml" xml:lang="en" lang="en">
 <head>
  <title>
</title>
<meta http-equiv="Content-Type" content="text/html;charset=utf-8" />
  <meta name='ocr-system' content='tesseract 3.04.00' />
  <meta name='ocr-capabilities' content='ocr_page ocr_carea ocr_par ocr_line ocrx_word'/>
</head>
<body>
  <div class='ocr_page' id='page_1' title='image "./operaern04ciceuoft_0049.png"; bbox 0 0 1470 2402; ppageno 0'>
   <div class='ocr_carea' id='block_1_1' title="bbox 201 71 1210 123">
    <p class='ocr_par' dir='ltr' id='par_1_1' title="bbox 201 71 1210 123">
     <span class='ocr_line' id='line_1_1' title="bbox 201 71 1210 123; baseline -0.001 -10"><span class='ocrx_word' id='word_1_1' title='bbox 201 73 280 114; x_wconf 89' lang='lat' dir='ltr'><strong>DE</strong></span> <span class='ocrx_word' id='word_1_2' title='bbox 308 71 729 123; x_wconf 87' lang='lat' dir='ltr'><strong>DIVINATIONE,</strong></span> <span class='ocrx_word' id='word_1_3' title='bbox 743 73 846 112; x_wconf 65' lang='grc'>1113.</span> <span class='ocrx_word' id='word_1_4' title='bbox 858 73 896 112; x_wconf 87' lang='grc' dir='ltr'><strong>Ι;</strong></span> <span class='ocrx_word' id='word_1_5' title='bbox 914 73 1019 113; x_wconf 63' lang='lat' dir='ltr'><strong>Car.</strong></span> <span class='ocrx_word' id='word_1_6' title='bbox 1034 74 1100 113; x_wconf 86' lang='grc'><strong>40.</strong></span> <span class='ocrx_word' id='word_1_7' title='bbox 1155 73 1210 120; x_wconf 85' lang='lat'><strong>35</strong></span> 
     </span>
    </p>
   </div>
   <div class='ocr_carea' id='block_1_2' title="bbox 93 181 1238 1374">
    <p class='ocr_par' dir='ltr' id='par_1_2' title="bbox 93 181 1220 505">
     <span class='ocr_line' id='line_1_2' title="bbox 93 181 1216 234; baseline 0.002 -13"><span class='ocrx_word' id='word_1_8' title='bbox 93 189 140 222; x_wconf 89' lang='lat' dir='ltr'><strong>ut</strong></span> <span class='ocrx_word' id='word_1_9' title='bbox 156 182 189 221; x_wconf 83' lang='lat' dir='ltr'><strong>si</strong></span> <span class='ocrx_word' id='word_1_10' title='bbox 206 189 426 234; x_wconf 78' lang='lat' dir='ltr'><strong>magnetem</strong></span> <span class='ocrx_word' id='word_1_11' title='bbox 443 181 613 234; x_wconf 85' lang='lat' dir='ltr'><strong>lapidem</strong></span> <span class='ocrx_word' id='word_1_12' title='bbox 630 194 711 220; x_wconf 64' lang='lat' dir='ltr'><strong>esse</strong></span> <span class='ocrx_word' id='word_1_13' title='bbox 735 181 875 230; x_wconf 88' lang='lat' dir='ltr'><strong>dicam,</strong></span> <span class='ocrx_word' id='word_1_14' title='bbox 902 181 971 234; x_wconf 83' lang='lat' dir='ltr'><strong>qui</strong></span> <span class='ocrx_word' id='word_1_15' title='bbox 995 181 1140 221; x_wconf 84' lang='lat' dir='ltr'><strong>ferrum</strong></span> <span class='ocrx_word' id='word_1_16' title='bbox 1166 183 1216 223; x_wconf 85' lang='lat' dir='ltr'><strong>ad</strong></span> 
     </span>
     <span class='ocr_line' id='line_1_3' title="bbox 95 235 1219 286; baseline 0.001 -10"><span class='ocrx_word' id='word_1_17' title='bbox 95 250 135 276; x_wconf 87' lang='lat' dir='ltr'><strong>se</strong></span> <span class='ocrx_word' id='word_1_18' title='bbox 164 237 306 275; x_wconf 83' lang='lat' dir='ltr'><strong>alliciat</strong></span> <span class='ocrx_word' id='word_1_19' title='bbox 333 244 371 274; x_wconf 87' lang='lat' dir='ltr'><strong>et</strong></span> <span class='ocrx_word' id='word_1_20' title='bbox 399 236 551 282; x_wconf 79' lang='lat' dir='ltr'><strong>trahat3</strong></span> <span class='ocrx_word' id='word_1_21' title='bbox 581 235 781 286; x_wconf 83' lang='lat' dir='ltr'><strong>rationem,</strong></span> <span class='ocrx_word' id='word_1_22' title='bbox 812 249 880 274; x_wconf 86' lang='lat' dir='ltr'><strong>cur</strong></span> <span class='ocrx_word' id='word_1_23' title='bbox 909 236 949 274; x_wconf 92' lang='lat' dir='ltr'><strong>id</strong></span> <span class='ocrx_word' id='word_1_24' title='bbox 976 237 1056 285; x_wconf 88' lang='lat' dir='ltr'><strong>fiat,</strong></span> <span class='ocrx_word' id='word_1_25' title='bbox 1083 237 1219 278; x_wconf 88' lang='lat' dir='ltr'><strong>afferre</strong></span> 
     </span>
     <span class='ocr_line' id='line_1_4' title="bbox 95 289 1215 343; baseline 0.001 -13"><span class='ocrx_word' id='word_1_26' title='bbox 95 303 312 343; x_wconf 83' lang='lat' dir='ltr'><strong>nequeam3</strong></span> <span class='ocrx_word' id='word_1_27' title='bbox 342 290 424 329; x_wconf 86' lang='lat' dir='ltr'><strong>fieri</strong></span> <span class='ocrx_word' id='word_1_28' title='bbox 443 290 600 329; x_wconf 88' lang='lat' dir='ltr'><strong>omnino</strong></span> <span class='ocrx_word' id='word_1_29' title='bbox 622 292 763 341; x_wconf 56' lang='lat' dir='ltr'><strong>negas?</strong></span> <span class='ocrx_word' id='word_1_30' title='bbox 794 289 913 338; x_wconf 89' lang='lat' dir='ltr'><strong>Quod</strong></span> <span class='ocrx_word' id='word_1_31' title='bbox 939 290 1043 329; x_wconf 90' lang='lat' dir='ltr'><strong>idem</strong></span> <span class='ocrx_word' id='word_1_32' title='bbox 1061 291 1154 330; x_wconf 83' lang='lat' dir='ltr'><strong>facis</strong></span> <span class='ocrx_word' id='word_1_33' title='bbox 1173 292 1215 331; x_wconf 90' lang='lat' dir='ltr'><strong>in</strong></span> 
     </span>
     <span class='ocr_line' id='line_1_5' title="bbox 94 344 1220 396; baseline 0.003 -13"><span class='ocrx_word' id='word_1_34' title='bbox 94 345 354 391; x_wconf 79' lang='lat' dir='ltr'><strong>divinatione3</strong></span> <span class='ocrx_word' id='word_1_35' title='bbox 385 358 504 396; x_wconf 89' lang='lat' dir='ltr'><strong>quam</strong></span> <span class='ocrx_word' id='word_1_36' title='bbox 523 352 561 383; x_wconf 90' lang='lat' dir='ltr'><strong>et</strong></span> <span class='ocrx_word' id='word_1_37' title='bbox 586 344 775 383; x_wconf 91' lang='lat' dir='ltr'><strong>cernimus</strong></span> <span class='ocrx_word' id='word_1_38' title='bbox 793 344 880 396; x_wconf 90' lang='lat' dir='ltr'><strong>ipsi,</strong></span> <span class='ocrx_word' id='word_1_39' title='bbox 906 352 943 383; x_wconf 89' lang='lat' dir='ltr'><strong>et</strong></span> <span class='ocrx_word' id='word_1_40' title='bbox 961 345 1154 393; x_wconf 84' lang='lat' dir='ltr'><strong>audimus,</strong></span> <span class='ocrx_word' id='word_1_41' title='bbox 1181 354 1220 386; x_wconf 86' lang='lat' dir='ltr'><strong>et</strong></span> 
     </span>
     <span class='ocr_line' id='line_1_6' title="bbox 96 398 1220 452; baseline -0.003 -14"><span class='ocrx_word' id='word_1_42' title='bbox 96 399 275 451; x_wconf 86' lang='lat' dir='ltr'><strong>legimus,</strong></span> <span class='ocrx_word' id='word_1_43' title='bbox 297 407 334 438; x_wconf 89' lang='lat' dir='ltr'><strong>et</strong></span> <span class='ocrx_word' id='word_1_44' title='bbox 353 412 376 437; x_wconf 88' lang='lat' dir='ltr'><strong>a</strong></span> <span class='ocrx_word' id='word_1_45' title='bbox 393 399 566 450; x_wconf 89' lang='lat' dir='ltr'><strong>patribus</strong></span> <span class='ocrx_word' id='word_1_46' title='bbox 594 398 808 450; x_wconf 87' lang='lat' dir='ltr'><strong>accepimus</strong></span> <span class='ocrx_word' id='word_1_47' title='bbox 825 413 835 437; x_wconf 89' lang='lat'><strong>:</strong></span> <span class='ocrx_word' id='word_1_48' title='bbox 866 411 1004 451; x_wconf 88' lang='lat' dir='ltr'><strong>neque,</strong></span> <span class='ocrx_word' id='word_1_49' title='bbox 1025 407 1113 438; x_wconf 89' lang='lat' dir='ltr'><strong>ante</strong></span> <span class='ocrx_word' id='word_1_50' title='bbox 1131 399 1220 452; x_wconf 86' lang='lat' dir='ltr'><strong>phi.</strong></span> 
     </span>
     <span class='ocr_line' id='line_1_7' title="bbox 95 453 1177 505; baseline 0 -13"><span class='ocrx_word' id='word_1_51' title='bbox 95 453 310 505; x_wconf 88' lang='lat' dir='ltr'><strong>losophiam</strong></span> <span class='ocrx_word' id='word_1_52' title='bbox 329 453 559 505; x_wconf 84' lang='lat' dir='ltr'><strong>patefactam</strong></span> <span class='ocrx_word' id='word_1_53' title='bbox 586 456 691 505; x_wconf 83' lang='lat' dir='ltr'><strong>(quae</strong></span> <span class='ocrx_word' id='word_1_54' title='bbox 715 466 839 505; x_wconf 85' lang='lat' dir='ltr'>nuper</span> <span class='ocrx_word' id='word_1_55' title='bbox 863 453 1019 492; x_wconf 90' lang='lat' dir='ltr'><strong>inventa</strong></span> <span class='ocrx_word' id='word_1_56' title='bbox 1043 454 1177 502; x_wconf 89' lang='lat' dir='ltr'><strong>est),h</strong></span> 
     </span>
    </p>

    <p class='ocr_par' dir='ltr' id='par_1_3' title="bbox 96 507 1229 938">
     <span class='ocr_line' id='line_1_8' title="bbox 97 507 1223 560; baseline 0.001 -14"><span class='ocrx_word' id='word_1_57' title='bbox 97 507 146 546; x_wconf 91' lang='lat' dir='ltr'><strong>de</strong></span> <span class='ocrx_word' id='word_1_58' title='bbox 177 521 218 546; x_wconf 92' lang='lat' dir='ltr'><strong>re</strong></span> <span class='ocrx_word' id='word_1_59' title='bbox 247 507 464 546; x_wconf 91' lang='lat' dir='ltr'><strong>communis</strong></span> <span class='ocrx_word' id='word_1_60' title='bbox 498 507 576 545; x_wconf 86' lang='lat' dir='ltr'><strong>vita</strong></span> <span class='ocrx_word' id='word_1_61' title='bbox 607 507 823 554; x_wconf 80' lang='lat' dir='ltr'><strong>dubitavit3</strong></span> <span class='ocrx_word' id='word_1_62' title='bbox 855 515 906 554; x_wconf 89' lang='lat' dir='ltr'><strong>et,</strong></span> <span class='ocrx_word' id='word_1_63' title='bbox 939 515 1070 559; x_wconf 88' lang='lat' dir='ltr'><strong>postea</strong></span> <span class='ocrx_word' id='word_1_64' title='bbox 1102 521 1223 560; x_wconf 90' lang='lat' dir='ltr'><strong>quam</strong></span> 
     </span>
     <span class='ocr_line' id='line_1_9' title="bbox 96 561 1222 623; baseline 0.001 -23"><span class='ocrx_word' id='word_1_65' title='bbox 96 562 338 623; x_wconf 81' lang='lat' dir='ltr'>philosophia</span> <span class='ocrx_word' id='word_1_66' title='bbox 355 561 548 614; x_wconf 83' lang='lat' dir='ltr'><strong>processit,</strong></span> <span class='ocrx_word' id='word_1_67' title='bbox 569 575 683 600; x_wconf 88' lang='lat' dir='ltr'><strong>nemo</strong></span> <span class='ocrx_word' id='word_1_68' title='bbox 702 562 810 600; x_wconf 90' lang='lat' dir='ltr'><strong>aliter</strong></span> <span class='ocrx_word' id='word_1_69' title='bbox 828 562 1077 613; x_wconf 83' lang='lat' dir='ltr'><strong>philosophus</strong></span> <span class='ocrx_word' id='word_1_70' title='bbox 1093 563 1222 612; x_wconf 91' lang='lat' dir='ltr'><strong>sensit,</strong></span> 
     </span>
     <span class='ocr_line' id='line_1_10' title="bbox 98 615 1226 668; baseline 0.002 -14"><span class='ocrx_word' id='word_1_71' title='bbox 98 616 139 654; x_wconf 91' lang='lat' dir='ltr'><strong>in</strong></span> <span class='ocrx_word' id='word_1_72' title='bbox 159 628 236 668; x_wconf 94' lang='lat' dir='ltr'><strong>quo</strong></span> <span class='ocrx_word' id='word_1_73' title='bbox 254 616 370 655; x_wconf 92' lang='lat' dir='ltr'><strong>modo</strong></span> <span class='ocrx_word' id='word_1_74' title='bbox 389 624 484 655; x_wconf 87' lang='lat' dir='ltr'><strong>esset</strong></span> <span class='ocrx_word' id='word_1_75' title='bbox 503 616 715 654; x_wconf 81' lang='lat' dir='ltr'><strong>auctoritas.</strong></span> <span class='ocrx_word' id='word_1_76' title='bbox 746 615 844 654; x_wconf 80' lang='lat' dir='ltr'><strong>Dixi</strong></span> <span class='ocrx_word' id='word_1_77' title='bbox 862 617 909 655; x_wconf 91' lang='lat' dir='ltr'><strong>de</strong></span> <span class='ocrx_word' id='word_1_78' title='bbox 925 616 1160 668; x_wconf 79' lang='lat' dir='ltr'>Pythagora,</span> <span class='ocrx_word' id='word_1_79' title='bbox 1177 617 1226 657; x_wconf 88' lang='lat' dir='ltr'><strong>de</strong></span> 
     </span>
     <span class='ocr_line' id='line_1_11' title="bbox 101 669 1226 723; baseline 0.002 -15"><span class='ocrx_word' id='word_1_80' title='bbox 101 669 338 718; x_wconf 79' lang='lat' dir='ltr'><strong>Democrito,</strong></span> <span class='ocrx_word' id='word_1_81' title='bbox 367 671 415 709; x_wconf 91' lang='lat' dir='ltr'><strong>de</strong></span> <span class='ocrx_word' id='word_1_82' title='bbox 440 671 616 709; x_wconf 82' lang='lat' dir='ltr'><strong>Socrate:</strong></span> <span class='ocrx_word' id='word_1_83' title='bbox 648 671 782 722; x_wconf 76' lang='lat' dir='ltr'><strong>excepi</strong></span> <span class='ocrx_word' id='word_1_84' title='bbox 806 671 854 709; x_wconf 93' lang='lat' dir='ltr'><strong>de</strong></span> <span class='ocrx_word' id='word_1_85' title='bbox 880 670 1062 723; x_wconf 79' lang='lat' dir='ltr'><strong>antiquis,</strong></span> <span class='ocrx_word' id='word_1_86' title='bbox 1089 679 1226 722; x_wconf 89' lang='lat' dir='ltr'><strong>praeter</strong></span> 
     </span>
     <span class='ocr_line' id='line_1_12' title="bbox 99 724 1227 786; baseline 0.002 -24"><span class='ocrx_word' id='word_1_87' title='bbox 99 724 398 786; x_wconf 84' lang='lat' dir='ltr'><strong>Xenophanem,</strong></span> <span class='ocrx_word' id='word_1_88' title='bbox 430 725 648 763; x_wconf 83' lang='grc'>1101111110111.</span> <span class='ocrx_word' id='word_1_89' title='bbox 687 725 849 776; x_wconf 79' lang='lat' dir='ltr'><strong>adjunxi</strong></span> <span class='ocrx_word' id='word_1_90' title='bbox 882 732 1045 763; x_wconf 86' lang='lat' dir='ltr'><strong>veterem</strong></span> <span class='ocrx_word' id='word_1_91' title='bbox 1074 725 1227 771; x_wconf 89' lang='lat' dir='ltr'><strong>Acade-</strong></span> 
     </span>
     <span class='ocr_line' id='line_1_13' title="bbox 99 779 1229 831; baseline 0.002 -15"><span class='ocrx_word' id='word_1_92' title='bbox 99 779 235 825; x_wconf 84' lang='lat' dir='ltr'><strong>miam,</strong></span> <span class='ocrx_word' id='word_1_93' title='bbox 257 779 543 831; x_wconf 74' lang='lat' dir='ltr'><strong>Peripateticos,</strong></span> <span class='ocrx_word' id='word_1_94' title='bbox 565 780 724 818; x_wconf 76' lang='lat' dir='ltr'><strong>Stoicos.</strong></span> <span class='ocrx_word' id='word_1_95' title='bbox 754 780 870 818; x_wconf 92' lang='lat' dir='ltr'><strong>Unus</strong></span> <span class='ocrx_word' id='word_1_96' title='bbox 890 779 1063 817; x_wconf 86' lang='lat' dir='ltr'><strong>dissentit</strong></span> <span class='ocrx_word' id='word_1_97' title='bbox 1081 779 1229 831; x_wconf 90' lang='lat' dir='ltr'><strong>Epicu-</strong></span> 
     </span>
     <span class='ocr_line' id='line_1_14' title="bbox 101 833 1229 886; baseline 0.002 -16"><span class='ocrx_word' id='word_1_98' title='bbox 101 846 177 871; x_wconf 87' lang='lat' dir='ltr'>rus.</span> <span class='ocrx_word' id='word_1_99' title='bbox 208 833 317 881; x_wconf 87' lang='lat' dir='ltr'><strong>Quid</strong></span> <span class='ocrx_word' id='word_1_100' title='bbox 336 847 424 871; x_wconf 88' lang='lat' dir='ltr'><strong>vero</strong></span> <span class='ocrx_word' id='word_1_101' title='bbox 442 834 514 871; x_wconf 92' lang='lat' dir='ltr'><strong>hoc</strong></span> <span class='ocrx_word' id='word_1_102' title='bbox 529 833 692 885; x_wconf 85' lang='lat' dir='ltr'><strong>turpius,</strong></span> <span class='ocrx_word' id='word_1_103' title='bbox 710 847 829 886; x_wconf 89' lang='lat' dir='ltr'><strong>quam</strong></span> <span class='ocrx_word' id='word_1_104' title='bbox 842 833 945 885; x_wconf 89' lang='lat' dir='ltr'><strong>quod</strong></span> <span class='ocrx_word' id='word_1_105' title='bbox 960 833 1063 871; x_wconf 89' lang='lat' dir='ltr'><strong>idem</strong></span> <span class='ocrx_word' id='word_1_106' title='bbox 1078 834 1229 872; x_wconf 81' lang='lat' dir='ltr'><strong>nullam</strong></span> 
     </span>
     <span class='ocr_line' id='line_1_15' title="bbox 102 888 781 938; baseline 0.001 -13"><span class='ocrx_word' id='word_1_107' title='bbox 102 895 228 926; x_wconf 91' lang='lat' dir='ltr'><strong>censet</strong></span> <span class='ocrx_word' id='word_1_108' title='bbox 247 888 455 938; x_wconf 84' lang='lat' dir='ltr'><strong>gratuitam</strong></span> <span class='ocrx_word' id='word_1_109' title='bbox 474 901 552 926; x_wconf 88' lang='lat' dir='ltr'><strong>esse</strong></span> <span class='ocrx_word' id='word_1_110' title='bbox 571 889 751 926; x_wconf 79' lang='lat' dir='ltr'><strong>virtutem</strong></span> <span class='ocrx_word' id='word_1_111' title='bbox 763 888 781 925; x_wconf 75' lang='lat'><strong>⁴?</strong></span> 
     </span>
    </p>

    <p class='ocr_par' dir='ltr' id='par_1_4' title="bbox 103 941 1238 1374">
     <span class='ocr_line' id='line_1_16' title="bbox 157 941 1231 993; baseline 0.001 -13"><span class='ocrx_word' id='word_1_112' title='bbox 157 941 251 980; x_wconf 83' lang='lat' dir='ltr'><strong>XL.</strong></span> <span class='ocrx_word' id='word_1_113' title='bbox 281 941 381 990; x_wconf 89' lang='lat' dir='ltr'><strong>Quis</strong></span> <span class='ocrx_word' id='word_1_114' title='bbox 395 949 451 980; x_wconf 90' lang='lat' dir='ltr'><strong>est</strong></span> <span class='ocrx_word' id='word_1_115' title='bbox 464 950 609 990; x_wconf 87' lang='lat' dir='ltr'><strong>autem,</strong></span> <span class='ocrx_word' id='word_1_116' title='bbox 626 955 743 993; x_wconf 90' lang='lat' dir='ltr'><strong>quem</strong></span> <span class='ocrx_word' id='word_1_117' title='bbox 758 954 835 980; x_wconf 92' lang='lat' dir='ltr'><strong>non</strong></span> <span class='ocrx_word' id='word_1_118' title='bbox 846 948 999 985; x_wconf 89' lang='lat' dir='ltr'><strong>moveat</strong></span> <span class='ocrx_word' id='word_1_119' title='bbox 1014 941 1231 982; x_wconf 84' lang='lat' dir='ltr'><strong>clarissimis</strong></span> 
     </span>
     <span class='ocr_line' id='line_1_17' title="bbox 103 995 1234 1047; baseline 0.002 -14"><span class='ocrx_word' id='word_1_120' title='bbox 103 995 350 1034; x_wconf 87' lang='lat' dir='ltr'><strong>monimentis</strong></span> <span class='ocrx_word' id='word_1_121' title='bbox 375 1004 511 1034; x_wconf 83' lang='lat' dir='ltr'><strong>testata</strong></span> <span class='ocrx_word' id='word_1_122' title='bbox 536 997 832 1047; x_wconf 88' lang='lat' dir='ltr'><strong>consignataque</strong></span> <span class='ocrx_word' id='word_1_123' title='bbox 860 996 1068 1047; x_wconf 86' lang='lat' dir='ltr'><strong>antiquitas</strong></span> <span class='ocrx_word' id='word_1_124' title='bbox 1087 999 1104 1035; x_wconf 75' lang='grc' dir='ltr'><em>Ρ</em></span> <span class='ocrx_word' id='word_1_125' title='bbox 1143 997 1234 1035; x_wconf 89' lang='lat' dir='ltr'><strong>Cal-</strong></span> 
     </span>
     <span class='ocr_line' id='line_1_18' title="bbox 105 1050 1233 1112; baseline 0.001 -24"><span class='ocrx_word' id='word_1_126' title='bbox 105 1050 284 1089; x_wconf 83' lang='lat' dir='ltr'><strong>chantem</strong></span> <span class='ocrx_word' id='word_1_127' title='bbox 303 1063 504 1102; x_wconf 88' lang='lat' dir='ltr'><strong>augurem,</strong></span> <span class='ocrx_word' id='word_1_128' title='bbox 521 1050 649 1088; x_wconf 89' lang='lat' dir='ltr'><strong>scribit</strong></span> <span class='ocrx_word' id='word_1_129' title='bbox 669 1050 879 1097; x_wconf 87' lang='lat' dir='ltr'><strong>Homerus,</strong></span> <span class='ocrx_word' id='word_1_130' title='bbox 895 1050 1009 1101; x_wconf 89' lang='lat' dir='ltr'><strong>longe</strong></span> <span class='ocrx_word' id='word_1_131' title='bbox 1024 1050 1233 1112; x_wconf 81' lang='lat' dir='ltr'><strong>optimum,</strong></span> 
     </span>
     <span class='ocr_line' id='line_1_19' title="bbox 106 1103 1232 1157; baseline 0.001 -15"><span class='ocrx_word' id='word_1_132' title='bbox 106 1117 275 1157; x_wconf 89' lang='lat' dir='ltr'><strong>eumque</strong></span> <span class='ocrx_word' id='word_1_133' title='bbox 287 1104 424 1143; x_wconf 91' lang='lat' dir='ltr'><strong>ducem</strong></span> <span class='ocrx_word' id='word_1_134' title='bbox 438 1104 579 1153; x_wconf 77' lang='grc'>0135515,</span> <span class='ocrx_word' id='word_1_135' title='bbox 587 1103 747 1153; x_wconf 83' lang='lat' dir='ltr'><strong>fuisse[</strong></span> <span class='ocrx_word' id='word_1_136' title='bbox 762 1111 801 1142; x_wconf 89' lang='lat' dir='ltr'><strong>at</strong></span> <span class='ocrx_word' id='word_1_137' title='bbox 815 1105 950 1155; x_wconf 88' lang='grc'>11111111]</span> <span class='ocrx_word' id='word_1_138' title='bbox 960 1104 1232 1156; x_wconf 89' lang='lat' dir='ltr'><strong>auspiciorum,</strong></span> 
     </span>
     <span class='ocr_line' id='line_1_20' title="bbox 104 1158 1235 1221; baseline 0 -23"><span class='ocrx_word' id='word_1_139' title='bbox 104 1159 231 1207; x_wconf 87' lang='lat' dir='ltr'><strong>credo,</strong></span> <span class='ocrx_word' id='word_1_140' title='bbox 246 1159 416 1206; x_wconf 89' lang='lat' dir='ltr'><strong>scientia,</strong></span> <span class='ocrx_word' id='word_1_141' title='bbox 428 1171 506 1197; x_wconf 91' lang='lat' dir='ltr'><strong>non</strong></span> <span class='ocrx_word' id='word_1_142' title='bbox 517 1159 701 1196; x_wconf 89' lang='lat' dir='ltr'><strong>locorum.</strong></span> <span class='ocrx_word' id='word_1_143' title='bbox 721 1158 1007 1210; x_wconf 90' lang='lat' dir='ltr'><strong>Amphilochus</strong></span> <span class='ocrx_word' id='word_1_144' title='bbox 1020 1166 1056 1196; x_wconf 88' lang='lat' dir='ltr'><strong>et</strong></span> <span class='ocrx_word' id='word_1_145' title='bbox 1068 1158 1235 1221; x_wconf 87' lang='lat' dir='ltr'><strong>Mopsus</strong></span> 
     </span>
     <span class='ocr_line' id='line_1_21' title="bbox 106 1212 1236 1265; baseline 0 -13"><span class='ocrx_word' id='word_1_146' title='bbox 106 1213 346 1264; x_wconf 89' lang='lat' dir='ltr'><strong>Argivorum</strong></span> <span class='ocrx_word' id='word_1_147' title='bbox 364 1226 471 1264; x_wconf 91' lang='lat' dir='ltr'><strong>reges</strong></span> <span class='ocrx_word' id='word_1_148' title='bbox 489 1212 660 1259; x_wconf 80' lang='lat' dir='ltr'><strong>fuerunt,</strong></span> <span class='ocrx_word' id='word_1_149' title='bbox 682 1212 747 1250; x_wconf 90' lang='lat' dir='ltr'><strong>sed</strong></span> <span class='ocrx_word' id='word_1_150' title='bbox 771 1213 888 1250; x_wconf 92' lang='lat' dir='ltr'><strong>iidem</strong></span> <span class='ocrx_word' id='word_1_151' title='bbox 913 1226 1100 1263; x_wconf 85' lang='lat' dir='ltr'><strong>augures:</strong></span> <span class='ocrx_word' id='word_1_152' title='bbox 1131 1213 1236 1265; x_wconf 91' lang='lat' dir='ltr'><strong>iique</strong></span> 
     </span>
     <span class='ocr_line' id='line_1_22' title="bbox 106 1266 1235 1307; baseline 0.001 -1"><span class='ocrx_word' id='word_1_153' title='bbox 106 1269 222 1306; x_wconf 87' lang='lat' dir='ltr'><strong>urbes</strong></span> <span class='ocrx_word' id='word_1_154' title='bbox 246 1267 288 1305; x_wconf 92' lang='lat' dir='ltr'><strong>in</strong></span> <span class='ocrx_word' id='word_1_155' title='bbox 312 1280 381 1306; x_wconf 85' lang='lat' dir='ltr'><strong>ora</strong></span> <span class='ocrx_word' id='word_1_156' title='bbox 404 1267 600 1305; x_wconf 87' lang='lat' dir='ltr'><strong>maritima</strong></span> <span class='ocrx_word' id='word_1_157' title='bbox 627 1266 772 1305; x_wconf 84' lang='lat' dir='ltr'><strong>Ciliciae</strong></span> <span class='ocrx_word' id='word_1_158' title='bbox 799 1267 952 1305; x_wconf 87' lang='lat' dir='ltr'><strong>Graecas</strong></span> <span class='ocrx_word' id='word_1_159' title='bbox 971 1266 1235 1307; x_wconf 83' lang='lat' dir='ltr'><strong>condiderunt.</strong></span> 
     </span>
     <span class='ocr_line' id='line_1_23' title="bbox 106 1321 1238 1374; baseline 0 -14"><span class='ocrx_word' id='word_1_160' title='bbox 106 1321 242 1374; x_wconf 87' lang='lat' dir='ltr'><strong>Atque</strong></span> <span class='ocrx_word' id='word_1_161' title='bbox 262 1321 392 1370; x_wconf 87' lang='lat' dir='ltr'><strong>etiam,</strong></span> <span class='ocrx_word' id='word_1_162' title='bbox 413 1328 501 1359; x_wconf 91' lang='lat' dir='ltr'><strong>ante</strong></span> <span class='ocrx_word' id='word_1_163' title='bbox 519 1321 603 1368; x_wconf 92' lang='lat' dir='ltr'><strong>hos,</strong></span> <span class='ocrx_word' id='word_1_164' title='bbox 624 1321 889 1372; x_wconf 70' lang='lat' dir='ltr'><strong>Amphiaraus</strong></span> <span class='ocrx_word' id='word_1_165' title='bbox 909 1329 947 1359; x_wconf 92' lang='lat' dir='ltr'><strong>et</strong></span> <span class='ocrx_word' id='word_1_166' title='bbox 966 1321 1133 1360; x_wconf 90' lang='lat' dir='ltr'><strong>Tiresias</strong></span> <span class='ocrx_word' id='word_1_167' title='bbox 1159 1334 1238 1362; x_wconf 89' lang='lat' dir='ltr'><strong>non</strong></span> 
     </span>
    </p>
   </div>
   <div class='ocr_carea' id='block_1_3' title="bbox 108 1374 1238 1478">
    <p class='ocr_par' dir='ltr' id='par_1_5' title="bbox 108 1374 1238 1478">
     <span class='ocr_line' id='line_1_24' title="bbox 108 1374 1238 1429; baseline 0.001 -15"><span class='ocrx_word' id='word_1_168' title='bbox 108 1375 275 1414; x_wconf 61' lang='lat' dir='ltr'><strong>humiles</strong></span> <span class='ocrx_word' id='word_1_169' title='bbox 300 1383 338 1414; x_wconf 92' lang='lat' dir='ltr'><strong>et</strong></span> <span class='ocrx_word' id='word_1_170' title='bbox 363 1375 526 1424; x_wconf 90' lang='lat' dir='ltr'><strong>obscuri,</strong></span> <span class='ocrx_word' id='word_1_171' title='bbox 555 1387 681 1427; x_wconf 91' lang='lat' dir='ltr'><strong>neque</strong></span> <span class='ocrx_word' id='word_1_172' title='bbox 706 1388 840 1414; x_wconf 91' lang='lat' dir='ltr'><strong>eorum</strong></span> <span class='ocrx_word' id='word_1_173' title='bbox 870 1374 1026 1426; x_wconf 77' lang='lat' dir='ltr'><strong>Similes,</strong></span> <span class='ocrx_word' id='word_1_174' title='bbox 1059 1383 1104 1414; x_wconf 92' lang='lat' dir='ltr'><strong>ut</strong></span> <span class='ocrx_word' id='word_1_175' title='bbox 1133 1376 1238 1429; x_wconf 87' lang='lat' dir='ltr'><strong>apud</strong></span> 
     </span>
     <span class='ocr_line' id='line_1_25' title="bbox 110 1428 379 1478; baseline 0 -9"><span class='ocrx_word' id='word_1_176' title='bbox 110 1428 288 1469; x_wconf 90' lang='lat' dir='ltr'><strong>Ennium</strong></span> <span class='ocrx_word' id='word_1_177' title='bbox 308 1436 379 1478; x_wconf 86' lang='lat' dir='ltr'><strong>est,</strong></span> 
     </span>
    </p>
   </div>
   <div class='ocr_carea' id='block_1_4' title="bbox 166 1503 1238 1606">
    <p class='ocr_par' dir='ltr' id='par_1_6' title="bbox 166 1503 1238 1606">
     <span class='ocr_line' id='line_1_26' title="bbox 166 1503 1238 1577; baseline -0.004 -34"><span class='ocrx_word' id='word_1_178' title='bbox 166 1506 196 1528; x_wconf 87' lang='lat'><strong>“</strong></span> <span class='ocrx_word' id='word_1_179' title='bbox 216 1504 315 1554; x_wconf 88' lang='lat' dir='ltr'><strong>Qui,</strong></span> <span class='ocrx_word' id='word_1_180' title='bbox 337 1505 396 1566; x_wconf 79' lang='lat' dir='ltr'><strong>sui</strong></span> <span class='ocrx_word' id='word_1_181' title='bbox 415 1505 584 1577; x_wconf 41' lang='lat' dir='ltr'><strong>&lt;Quaestus</strong></span> <span class='ocrx_word' id='word_1_182' title='bbox 602 1503 731 1553; x_wconf 74' lang='lat' dir='ltr'><strong>caus&#39;a,</strong></span> <span class='ocrx_word' id='word_1_183' title='bbox 752 1503 858 1543; x_wconf 86' lang='lat' dir='ltr'><strong>fictas</strong></span> <span class='ocrx_word' id='word_1_184' title='bbox 884 1504 1066 1543; x_wconf 88' lang='lat' dir='ltr'><strong>suscitant</strong></span> <span class='ocrx_word' id='word_1_185' title='bbox 1088 1511 1238 1553; x_wconf 89' lang='lat' dir='ltr'><strong>senten.</strong></span> 
     </span>
     <span class='ocr_line' id='line_1_27' title="bbox 328 1567 426 1606; baseline 0 0"><span class='ocrx_word' id='word_1_186' title='bbox 328 1567 426 1606; x_wconf 83' lang='lat' dir='ltr'><strong>tlas;</strong></span> 
     </span>
    </p>
   </div>
   <div class='ocr_carea' id='block_1_5' title="bbox 112 1646 1251 2190">
    <p class='ocr_par' dir='ltr' id='par_1_7' title="bbox 112 1646 1251 2190">
     <span class='ocr_line' id='line_1_28' title="bbox 113 1646 1241 1699; baseline -0.001 -12"><span class='ocrx_word' id='word_1_187' title='bbox 113 1647 180 1687; x_wconf 88' lang='lat' dir='ltr'><strong>sed</strong></span> <span class='ocrx_word' id='word_1_188' title='bbox 198 1648 291 1687; x_wconf 89' lang='lat' dir='ltr'><strong>clari</strong></span> <span class='ocrx_word' id='word_1_189' title='bbox 309 1655 346 1686; x_wconf 90' lang='lat' dir='ltr'><strong>et</strong></span> <span class='ocrx_word' id='word_1_190' title='bbox 365 1655 587 1699; x_wconf 86' lang='lat' dir='ltr'><strong>praestantes</strong></span> <span class='ocrx_word' id='word_1_191' title='bbox 606 1647 691 1697; x_wconf 88' lang='lat' dir='ltr'><strong>viri,</strong></span> <span class='ocrx_word' id='word_1_192' title='bbox 713 1647 795 1699; x_wconf 91' lang='lat' dir='ltr'><strong>qui,</strong></span> <span class='ocrx_word' id='word_1_193' title='bbox 817 1647 950 1685; x_wconf 89' lang='lat' dir='ltr'><strong>avibus</strong></span> <span class='ocrx_word' id='word_1_194' title='bbox 977 1654 1014 1685; x_wconf 90' lang='lat' dir='ltr'><strong>et</strong></span> <span class='ocrx_word' id='word_1_195' title='bbox 1039 1646 1155 1698; x_wconf 90' lang='lat' dir='ltr'><strong>signis</strong></span> <span class='ocrx_word' id='word_1_196' title='bbox 1174 1647 1241 1686; x_wconf 91' lang='lat' dir='ltr'><strong>ad-</strong></span> 
     </span>
     <span class='ocr_line' id='line_1_29' title="bbox 112 1701 1243 1751; baseline 0 -11"><span class='ocrx_word' id='word_1_197' title='bbox 112 1702 264 1751; x_wconf 89' lang='lat' dir='ltr'><strong>moniti,</strong></span> <span class='ocrx_word' id='word_1_198' title='bbox 297 1702 429 1740; x_wconf 87' lang='lat' dir='ltr'><strong>futura</strong></span> <span class='ocrx_word' id='word_1_199' title='bbox 460 1702 648 1741; x_wconf 80' lang='lat' dir='ltr'><strong>dicebant.</strong></span> <span class='ocrx_word' id='word_1_200' title='bbox 693 1701 875 1750; x_wconf 87' lang='lat' dir='ltr'><strong>Quorum</strong></span> <span class='ocrx_word' id='word_1_201' title='bbox 903 1701 950 1739; x_wconf 93' lang='lat' dir='ltr'><strong>de</strong></span> <span class='ocrx_word' id='word_1_202' title='bbox 978 1701 1098 1739; x_wconf 90' lang='lat' dir='ltr'><strong>altero</strong></span> <span class='ocrx_word' id='word_1_203' title='bbox 1126 1702 1243 1740; x_wconf 90' lang='lat' dir='ltr'><strong>etiam</strong></span> 
     </span>
     <span class='ocr_line' id='line_1_30' title="bbox 113 1755 1245 1809; baseline 0.001 -14"><span class='ocrx_word' id='word_1_204' title='bbox 113 1757 220 1809; x_wconf 88' lang='lat' dir='ltr'><strong>apud</strong></span> <span class='ocrx_word' id='word_1_205' title='bbox 254 1757 395 1795; x_wconf 88' lang='lat' dir='ltr'><strong>inferos</strong></span> <span class='ocrx_word' id='word_1_206' title='bbox 425 1757 622 1795; x_wconf 87' lang='lat' dir='ltr'><strong>Homerus</strong></span> <span class='ocrx_word' id='word_1_207' title='bbox 651 1756 719 1803; x_wconf 85' lang='lat' dir='ltr'><strong>ait,</strong></span> <span class='ocrx_word' id='word_1_208' title='bbox 751 1755 876 1794; x_wconf 90' lang='lat' dir='ltr'><strong>solum</strong></span> <span class='ocrx_word' id='word_1_209' title='bbox 910 1768 1053 1807; x_wconf 86' lang='lat' dir='ltr'><strong>sapere,</strong></span> <span class='ocrx_word' id='word_1_210' title='bbox 1092 1763 1245 1796; x_wconf 89' lang='lat' dir='ltr'><strong>caeteros</strong></span> 
     </span>
     <span class='ocr_line' id='line_1_31' title="bbox 114 1809 1246 1862; baseline 0 -12"><span class='ocrx_word' id='word_1_211' title='bbox 114 1813 344 1850; x_wconf 87' lang='lat' dir='ltr'><strong>umbrarum</strong></span> <span class='ocrx_word' id='word_1_212' title='bbox 371 1810 502 1862; x_wconf 84' lang='lat' dir='ltr'><strong>vagari</strong></span> <span class='ocrx_word' id='word_1_213' title='bbox 533 1810 661 1849; x_wconf 90' lang='lat' dir='ltr'><strong>modo.</strong></span> <span class='ocrx_word' id='word_1_214' title='bbox 704 1809 994 1861; x_wconf 68' lang='lat' dir='ltr'><strong>Amphiaraum</strong></span> <span class='ocrx_word' id='word_1_215' title='bbox 1027 1817 1157 1848; x_wconf 88' lang='lat' dir='ltr'><strong>autem</strong></span> <span class='ocrx_word' id='word_1_216' title='bbox 1193 1811 1246 1850; x_wconf 90' lang='lat' dir='ltr'><strong>sic</strong></span> 
     </span>
     <span class='ocr_line' id='line_1_32' title="bbox 114 1863 1247 1916; baseline 0 -12"><span class='ocrx_word' id='word_1_217' title='bbox 114 1865 318 1904; x_wconf 88' lang='lat' dir='ltr'><strong>honoravit</strong></span> <span class='ocrx_word' id='word_1_218' title='bbox 345 1864 450 1903; x_wconf 85' lang='lat' dir='ltr'><strong>fama</strong></span> <span class='ocrx_word' id='word_1_219' title='bbox 477 1865 649 1913; x_wconf 87' lang='lat' dir='ltr'><strong>Graeciae,</strong></span> <span class='ocrx_word' id='word_1_220' title='bbox 674 1864 784 1902; x_wconf 89' lang='lat' dir='ltr'><strong>Deus</strong></span> <span class='ocrx_word' id='word_1_221' title='bbox 811 1873 856 1902; x_wconf 90' lang='lat' dir='ltr'><strong>ut</strong></span> <span class='ocrx_word' id='word_1_222' title='bbox 882 1863 1099 1910; x_wconf 88' lang='lat' dir='ltr'><strong>haberetur,</strong></span> <span class='ocrx_word' id='word_1_223' title='bbox 1129 1871 1247 1916; x_wconf 87' lang='lat' dir='ltr'><strong>atque</strong></span> 
     </span>
     <span class='ocr_line' id='line_1_33' title="bbox 116 1918 1247 1971; baseline -0.001 -13"><span class='ocrx_word' id='word_1_224' title='bbox 116 1928 162 1958; x_wconf 91' lang='lat' dir='ltr'><strong>ut</strong></span> <span class='ocrx_word' id='word_1_225' title='bbox 180 1921 228 1958; x_wconf 87' lang='lat' dir='ltr'><strong>ab</strong></span> <span class='ocrx_word' id='word_1_226' title='bbox 249 1920 331 1969; x_wconf 92' lang='lat' dir='ltr'><strong>ejus</strong></span> <span class='ocrx_word' id='word_1_227' title='bbox 350 1919 444 1968; x_wconf 94' lang='lat' dir='ltr'><strong>solo,</strong></span> <span class='ocrx_word' id='word_1_228' title='bbox 461 1919 502 1957; x_wconf 93' lang='lat' dir='ltr'><strong>in</strong></span> <span class='ocrx_word' id='word_1_229' title='bbox 521 1932 600 1971; x_wconf 87' lang='lat' dir='ltr'><strong>quo</strong></span> <span class='ocrx_word' id='word_1_230' title='bbox 620 1926 675 1957; x_wconf 89' lang='lat' dir='ltr'><strong>est</strong></span> <span class='ocrx_word' id='word_1_231' title='bbox 688 1918 886 1966; x_wconf 85' lang='lat' dir='ltr'><strong>humatus,</strong></span> <span class='ocrx_word' id='word_1_232' title='bbox 902 1918 1056 1956; x_wconf 86' lang='lat' dir='ltr'><strong>oracula</strong></span> <span class='ocrx_word' id='word_1_233' title='bbox 1073 1926 1247 1969; x_wconf 90' lang='lat' dir='ltr'><strong>peteren-</strong></span> 
     </span>
     <span class='ocr_line' id='line_1_34' title="bbox 116 1972 1246 2022; baseline 0 -10"><span class='ocrx_word' id='word_1_234' title='bbox 116 1981 191 2012; x_wconf 90' lang='lat' dir='ltr'><strong>tur.</strong></span> <span class='ocrx_word' id='word_1_235' title='bbox 223 1973 363 2022; x_wconf 86' lang='lat' dir='ltr'><strong>Quid?</strong></span> <span class='ocrx_word' id='word_1_236' title='bbox 392 1973 500 2012; x_wconf 86' lang='lat' dir='ltr'><strong>Asiae</strong></span> <span class='ocrx_word' id='word_1_237' title='bbox 531 1986 599 2011; x_wconf 83' lang='lat' dir='ltr'><strong>rex</strong></span> <span class='ocrx_word' id='word_1_238' title='bbox 619 1972 798 2011; x_wconf 85' lang='lat' dir='ltr'><strong>Priamus</strong></span> <span class='ocrx_word' id='word_1_239' title='bbox 825 1985 952 2011; x_wconf 91' lang='lat' dir='ltr'><strong>nonne</strong></span> <span class='ocrx_word' id='word_1_240' title='bbox 982 1979 1020 2010; x_wconf 92' lang='lat' dir='ltr'><strong>et</strong></span> <span class='ocrx_word' id='word_1_241' title='bbox 1046 1972 1246 2012; x_wconf 90' lang='lat' dir='ltr'><strong>Helenum</strong></span> 
     </span>
     <span class='ocr_line' id='line_1_35' title="bbox 117 2025 1249 2075; baseline -0.005 -8"><span class='ocrx_word' id='word_1_242' title='bbox 117 2028 245 2067; x_wconf 84' lang='lat' dir='ltr'><strong>filium</strong></span> <span class='ocrx_word' id='word_1_243' title='bbox 264 2036 302 2067; x_wconf 92' lang='lat' dir='ltr'><strong>et</strong></span> <span class='ocrx_word' id='word_1_244' title='bbox 321 2028 576 2067; x_wconf 87' lang='lat' dir='ltr'><strong>Cassandram</strong></span> <span class='ocrx_word' id='word_1_245' title='bbox 596 2027 718 2066; x_wconf 91' lang='lat' dir='ltr'><strong>filiam</strong></span> <span class='ocrx_word' id='word_1_246' title='bbox 744 2027 957 2065; x_wconf 90' lang='lat' dir='ltr'><strong>divinantes</strong></span> <span class='ocrx_word' id='word_1_247' title='bbox 983 2025 1164 2075; x_wconf 85' lang='lat' dir='ltr'><strong>habebat,</strong></span> <span class='ocrx_word' id='word_1_248' title='bbox 1191 2028 1249 2066; x_wconf 89' lang='lat' dir='ltr'><strong>al-</strong></span> 
     </span>
     <span class='ocr_line' id='line_1_36' title="bbox 118 2081 1249 2134; baseline -0.002 -12"><span class='ocrx_word' id='word_1_249' title='bbox 118 2090 246 2122; x_wconf 89' lang='lat' dir='ltr'><strong>terum</strong></span> <span class='ocrx_word' id='word_1_250' title='bbox 265 2083 450 2134; x_wconf 88' lang='lat' dir='ltr'><strong>auguriis,</strong></span> <span class='ocrx_word' id='word_1_251' title='bbox 470 2083 631 2121; x_wconf 89' lang='lat' dir='ltr'><strong>alteram</strong></span> <span class='ocrx_word' id='word_1_252' title='bbox 649 2081 789 2121; x_wconf 87' lang='lat' dir='ltr'><strong>mentis</strong></span> <span class='ocrx_word' id='word_1_253' title='bbox 806 2081 1028 2120; x_wconf 87' lang='lat' dir='ltr'><strong>incitatione</strong></span> <span class='ocrx_word' id='word_1_254' title='bbox 1041 2088 1079 2120; x_wconf 90' lang='lat' dir='ltr'><strong>et</strong></span> <span class='ocrx_word' id='word_1_255' title='bbox 1095 2093 1249 2132; x_wconf 90' lang='lat' dir='ltr'><strong>permo-</strong></span> 
     </span>
     <span class='ocr_line' id='line_1_37' title="bbox 119 2134 1251 2190; baseline 0 -14"><span class='ocrx_word' id='word_1_256' title='bbox 119 2138 223 2177; x_wconf 85' lang='lat' dir='ltr'><strong>tione</strong></span> <span class='ocrx_word' id='word_1_257' title='bbox 241 2136 404 2177; x_wconf 61' lang='lat' dir='ltr'><strong>divina?</strong></span> <span class='ocrx_word' id='word_1_258' title='bbox 433 2150 513 2190; x_wconf 89' lang='lat' dir='ltr'><strong>quo</strong></span> <span class='ocrx_word' id='word_1_259' title='bbox 538 2137 579 2176; x_wconf 91' lang='lat' dir='ltr'><strong>in</strong></span> <span class='ocrx_word' id='word_1_260' title='bbox 605 2149 743 2188; x_wconf 86' lang='lat' dir='ltr'><strong>genere</strong></span> <span class='ocrx_word' id='word_1_261' title='bbox 762 2135 933 2175; x_wconf 89' lang='lat' dir='ltr'><strong>Marcios</strong></span> <span class='ocrx_word' id='word_1_262' title='bbox 959 2134 1148 2188; x_wconf 86' lang='lat' dir='ltr'><strong>quosdam</strong></span> <span class='ocrx_word' id='word_1_263' title='bbox 1172 2135 1251 2176; x_wconf 81' lang='lat' dir='ltr'><strong>fra-</strong></span> 
     </span>
    </p>
   </div>
  </div>
 </body>
</html>
