<?xml version="1.0" encoding="UTF-8"?>
<!DOCTYPE html PUBLIC "-//W3C//DTD XHTML 1.0 Transitional//EN"
    "http://www.w3.org/TR/xhtml1/DTD/xhtml1-transitional.dtd">
<html xmlns="http://www.w3.org/1999/xhtml" xml:lang="en" lang="en">
 <head>
  <title>
</title>
<meta http-equiv="Content-Type" content="text/html;charset=utf-8" />
  <meta name='ocr-system' content='tesseract 3.04.00' />
  <meta name='ocr-capabilities' content='ocr_page ocr_carea ocr_par ocr_line ocrx_word'/>
</head>
<body>
  <div class='ocr_page' id='page_1' title='image "./operaern04ciceuoft_0317.png"; bbox 0 0 1470 2402; ppageno 0'>
   <div class='ocr_carea' id='block_1_1' title="bbox 299 54 1279 109">
    <p class='ocr_par' dir='ltr' id='par_1_1' title="bbox 299 54 1279 109">
     <span class='ocr_line' id='line_1_1' title="bbox 299 54 1279 109; baseline -0.006 -10"><span class='ocrx_word' id='word_1_1' title='bbox 299 56 378 99; x_wconf 88' lang='lat' dir='ltr'>DE</span> <span class='ocrx_word' id='word_1_2' title='bbox 408 57 672 109; x_wconf 86' lang='lat' dir='ltr'>OFFICIIS,</span> <span class='ocrx_word' id='word_1_3' title='bbox 702 58 908 97; x_wconf 34' lang='lat' dir='ltr'>L1n.*111.</span> <span class='ocrx_word' id='word_1_4' title='bbox 940 57 1047 97; x_wconf 80' lang='lat' dir='ltr'><strong>CAP.</strong></span> <span class='ocrx_word' id='word_1_5' title='bbox 1070 56 1134 96; x_wconf 86' lang='lat'>10.</span> <span class='ocrx_word' id='word_1_6' title='bbox 1197 54 1279 93; x_wconf 83' lang='lat'>303</span> 
     </span>
    </p>
   </div>
   <div class='ocr_carea' id='block_1_2' title="bbox 153 163 1323 2234">
    <p class='ocr_par' dir='ltr' id='par_1_2' title="bbox 153 163 1300 1078">
     <span class='ocr_line' id='line_1_2' title="bbox 153 163 1282 217; baseline -0.002 -13"><span class='ocrx_word' id='word_1_7' title='bbox 153 178 242 204; x_wconf 76' lang='lat' dir='ltr'>vero</span> <span class='ocrx_word' id='word_1_8' title='bbox 259 165 339 215; x_wconf 89' lang='lat' dir='ltr'>ille,</span> <span class='ocrx_word' id='word_1_9' title='bbox 360 175 428 206; x_wconf 85' lang='lat' dir='ltr'>aut</span> <span class='ocrx_word' id='word_1_10' title='bbox 452 168 599 207; x_wconf 83' lang='lat' dir='ltr'>factum</span> <span class='ocrx_word' id='word_1_11' title='bbox 624 167 665 206; x_wconf 88' lang='lat' dir='ltr'>id</span> <span class='ocrx_word' id='word_1_12' title='bbox 689 181 782 217; x_wconf 84' lang='lat' dir='ltr'>esse,</span> <span class='ocrx_word' id='word_1_13' title='bbox 807 174 875 205; x_wconf 88' lang='lat' dir='ltr'>aut</span> <span class='ocrx_word' id='word_1_14' title='bbox 900 166 982 204; x_wconf 88' lang='lat' dir='ltr'>fieri</span> <span class='ocrx_word' id='word_1_15' title='bbox 1003 165 1184 217; x_wconf 88' lang='lat' dir='ltr'>potuisse,</span> <span class='ocrx_word' id='word_1_16' title='bbox 1215 163 1282 203; x_wconf 84' lang='lat' dir='ltr'>de-</span> 
     </span>
     <span class='ocr_line' id='line_1_3' title="bbox 154 218 1279 272; baseline -0.001 -15"><span class='ocrx_word' id='word_1_17' title='bbox 154 219 297 259; x_wconf 84' lang='lat' dir='ltr'>fendat.</span> <span class='ocrx_word' id='word_1_18' title='bbox 328 222 426 261; x_wconf 87' lang='lat' dir='ltr'>Haec</span> <span class='ocrx_word' id='word_1_19' title='bbox 446 231 501 261; x_wconf 90' lang='lat' dir='ltr'>est</span> <span class='ocrx_word' id='word_1_20' title='bbox 515 223 571 260; x_wconf 88' lang='lat' dir='ltr'>vis</span> <span class='ocrx_word' id='word_1_21' title='bbox 586 223 704 272; x_wconf 87' lang='lat' dir='ltr'>hujus</span> <span class='ocrx_word' id='word_1_22' title='bbox 723 222 872 269; x_wconf 87' lang='lat' dir='ltr'>annuli,</span> <span class='ocrx_word' id='word_1_23' title='bbox 893 229 929 259; x_wconf 93' lang='lat' dir='ltr'>et</span> <span class='ocrx_word' id='word_1_24' title='bbox 947 221 1066 270; x_wconf 79' lang='lat' dir='ltr'>hujus</span> <span class='ocrx_word' id='word_1_25' title='bbox 1085 218 1279 269; x_wconf 82' lang='lat' dir='ltr'>exempli:</span> 
     </span>
     <span class='ocr_line' id='line_1_4' title="bbox 154 271 1282 328; baseline -0.003 -16"><span class='ocrx_word' id='word_1_26' title='bbox 154 274 187 312; x_wconf 92' lang='lat' dir='ltr'>si</span> <span class='ocrx_word' id='word_1_27' title='bbox 211 287 326 314; x_wconf 90' lang='lat' dir='ltr'>nemo</span> <span class='ocrx_word' id='word_1_28' title='bbox 344 277 520 326; x_wconf 83' lang='lat' dir='ltr'>sciturus,</span> <span class='ocrx_word' id='word_1_29' title='bbox 547 290 661 315; x_wconf 91' lang='lat' dir='ltr'>nemo</span> <span class='ocrx_word' id='word_1_30' title='bbox 680 289 729 315; x_wconf 91' lang='lat' dir='ltr'>ne</span> <span class='ocrx_word' id='word_1_31' title='bbox 758 276 1016 328; x_wconf 88' lang='lat' dir='ltr'>suspicaturus</span> <span class='ocrx_word' id='word_1_32' title='bbox 1036 273 1194 325; x_wconf 87' lang='lat' dir='ltr'>quidem</span> <span class='ocrx_word' id='word_1_33' title='bbox 1220 271 1282 320; x_wconf 93' lang='lat' dir='ltr'>sit,</span> 
     </span>
     <span class='ocr_line' id='line_1_5' title="bbox 155 326 1286 383; baseline -0.002 -17"><span class='ocrx_word' id='word_1_34' title='bbox 155 341 247 367; x_wconf 91' lang='lat' dir='ltr'>cum</span> <span class='ocrx_word' id='word_1_35' title='bbox 273 329 435 382; x_wconf 84' lang='lat' dir='ltr'>aliquid,</span> <span class='ocrx_word' id='word_1_36' title='bbox 462 331 698 380; x_wconf 87' lang='lat' dir='ltr'>divitiarum,</span> <span class='ocrx_word' id='word_1_37' title='bbox 718 330 912 383; x_wconf 86' lang='lat' dir='ltr'>potentiae,</span> <span class='ocrx_word' id='word_1_38' title='bbox 932 328 1218 375; x_wconf 87' lang='lat' dir='ltr'>dominationis,</span> <span class='ocrx_word' id='word_1_39' title='bbox 1237 326 1286 364; x_wconf 86' lang='lat' dir='ltr'>li-</span> 
     </span>
     <span class='ocr_line' id='line_1_6' title="bbox 155 381 1286 434; baseline -0.002 -14"><span class='ocrx_word' id='word_1_40' title='bbox 155 382 298 422; x_wconf 82' lang='lat' dir='ltr'>bidinis</span> <span class='ocrx_word' id='word_1_41' title='bbox 317 386 445 434; x_wconf 67' lang='lat' dir='ltr'>causa,</span> <span class='ocrx_word' id='word_1_42' title='bbox 472 385 618 434; x_wconf 83' lang='lat' dir='ltr'>feceris,</span> <span class='ocrx_word' id='word_1_43' title='bbox 644 385 676 425; x_wconf 88' lang='lat' dir='ltr'>si</span> <span class='ocrx_word' id='word_1_44' title='bbox 694 386 736 423; x_wconf 86' lang='lat' dir='ltr'>id</span> <span class='ocrx_word' id='word_1_45' title='bbox 754 385 842 423; x_wconf 90' lang='lat' dir='ltr'>Diis</span> <span class='ocrx_word' id='word_1_46' title='bbox 861 383 1159 434; x_wconf 82' lang='lat' dir='ltr'>hominibusque</span> <span class='ocrx_word' id='word_1_47' title='bbox 1178 381 1286 419; x_wconf 87' lang='lat' dir='ltr'>futu-</span> 
     </span>
     <span class='ocr_line' id='line_1_7' title="bbox 156 434 1289 492; baseline -0.005 -15"><span class='ocrx_word' id='word_1_48' title='bbox 156 449 246 476; x_wconf 84' lang='lat' dir='ltr'>rum</span> <span class='ocrx_word' id='word_1_49' title='bbox 266 439 314 478; x_wconf 88' lang='lat' dir='ltr'>sit</span> <span class='ocrx_word' id='word_1_50' title='bbox 333 453 481 492; x_wconf 88' lang='lat' dir='ltr'>semper</span> <span class='ocrx_word' id='word_1_51' title='bbox 498 440 703 492; x_wconf 88' lang='lat' dir='ltr'>ignotum;</span> <span class='ocrx_word' id='word_1_52' title='bbox 725 440 824 479; x_wconf 89' lang='lat' dir='ltr'>sisne</span> <span class='ocrx_word' id='word_1_53' title='bbox 842 439 1024 477; x_wconf 89' lang='lat' dir='ltr'>facturus.</span> <span class='ocrx_word' id='word_1_54' title='bbox 1054 438 1228 487; x_wconf 77' lang='lat' dir='ltr'>Negant,</span> <span class='ocrx_word' id='word_1_55' title='bbox 1247 434 1289 472; x_wconf 89' lang='lat' dir='ltr'>id</span> 
     </span>
     <span class='ocr_line' id='line_1_8' title="bbox 156 490 1288 546; baseline -0.002 -18"><span class='ocrx_word' id='word_1_56' title='bbox 156 490 240 530; x_wconf 91' lang='lat' dir='ltr'>fieri</span> <span class='ocrx_word' id='word_1_57' title='bbox 253 506 375 545; x_wconf 85' lang='lat' dir='ltr'>posse.</span> <span class='ocrx_word' id='word_1_58' title='bbox 396 495 438 533; x_wconf 82' lang='grc' dir='ltr'>Ν</span> <span class='ocrx_word' id='word_1_59' title='bbox 441 497 660 546; x_wconf 72' lang='lat' dir='ltr'>equaquam</span> <span class='ocrx_word' id='word_1_60' title='bbox 672 502 795 546; x_wconf 84' lang='lat' dir='ltr'>potest</span> <span class='ocrx_word' id='word_1_61' title='bbox 809 494 850 532; x_wconf 87' lang='lat' dir='ltr'>id</span> <span class='ocrx_word' id='word_1_62' title='bbox 865 493 1022 545; x_wconf 90' lang='lat' dir='ltr'>quidem</span> <span class='ocrx_word' id='word_1_63' title='bbox 1037 505 1047 529; x_wconf 89' lang='lat'>:</span> <span class='ocrx_word' id='word_1_64' title='bbox 1066 491 1131 530; x_wconf 90' lang='lat' dir='ltr'>sed</span> <span class='ocrx_word' id='word_1_65' title='bbox 1142 502 1288 542; x_wconf 76' lang='lat' dir='ltr'>quaero,</span> 
     </span>
     <span class='ocr_line' id='line_1_9' title="bbox 157 545 1289 600; baseline -0.006 -12"><span class='ocrx_word' id='word_1_66' title='bbox 157 546 264 598; x_wconf 88' lang='lat' dir='ltr'>quod</span> <span class='ocrx_word' id='word_1_67' title='bbox 282 556 426 600; x_wconf 86' lang='lat' dir='ltr'>negant</span> <span class='ocrx_word' id='word_1_68' title='bbox 443 562 567 600; x_wconf 91' lang='lat' dir='ltr'>posse,</span> <span class='ocrx_word' id='word_1_69' title='bbox 593 549 635 587; x_wconf 92' lang='lat' dir='ltr'>id</span> <span class='ocrx_word' id='word_1_70' title='bbox 660 549 693 587; x_wconf 89' lang='lat' dir='ltr'>si</span> <span class='ocrx_word' id='word_1_71' title='bbox 716 556 855 600; x_wconf 88' lang='lat' dir='ltr'>posset,</span> <span class='ocrx_word' id='word_1_72' title='bbox 883 547 1070 600; x_wconf 83' lang='lat' dir='ltr'><strong>quidnam</strong></span> <span class='ocrx_word' id='word_1_73' title='bbox 1090 545 1257 584; x_wconf 90' lang='lat' dir='ltr'>facerent</span> <span class='ocrx_word' id='word_1_74' title='bbox 1271 545 1289 582; x_wconf 69' lang='grc' dir='ltr'><strong><em>ἓ</em></strong></span> 
     </span>
     <span class='ocr_line' id='line_1_10' title="bbox 159 598 1291 654; baseline -0.004 -15"><span class='ocrx_word' id='word_1_75' title='bbox 159 600 313 653; x_wconf 86' lang='lat' dir='ltr'><strong>Urgent</strong></span> <span class='ocrx_word' id='word_1_76' title='bbox 337 603 475 642; x_wconf 84' lang='lat' dir='ltr'>rustice</span> <span class='ocrx_word' id='word_1_77' title='bbox 501 617 616 643; x_wconf 86' lang='lat' dir='ltr'>sane:</span> <span class='ocrx_word' id='word_1_78' title='bbox 648 612 790 654; x_wconf 84' lang='lat' dir='ltr'>negant</span> <span class='ocrx_word' id='word_1_79' title='bbox 815 603 918 642; x_wconf 89' lang='lat' dir='ltr'>enim</span> <span class='ocrx_word' id='word_1_80' title='bbox 948 613 1082 653; x_wconf 79' lang='lat' dir='ltr'>posse3</span> <span class='ocrx_word' id='word_1_81' title='bbox 1113 607 1151 638; x_wconf 91' lang='lat' dir='ltr'>et</span> <span class='ocrx_word' id='word_1_82' title='bbox 1175 598 1216 636; x_wconf 89' lang='lat' dir='ltr'>in</span> <span class='ocrx_word' id='word_1_83' title='bbox 1247 610 1291 636; x_wconf 91' lang='lat' dir='ltr'>eo</span> 
     </span>
     <span class='ocr_line' id='line_1_11' title="bbox 159 653 1292 709; baseline -0.004 -16"><span class='ocrx_word' id='word_1_84' title='bbox 159 664 333 707; x_wconf 81' lang='lat' dir='ltr'>perstant</span> <span class='ocrx_word' id='word_1_85' title='bbox 345 672 357 695; x_wconf 72' lang='grc' dir='ltr'><strong>ι</strong></span> <span class='ocrx_word' id='word_1_86' title='bbox 378 658 451 697; x_wconf 84' lang='lat' dir='ltr'>hoc</span> <span class='ocrx_word' id='word_1_87' title='bbox 465 659 626 697; x_wconf 88' lang='lat' dir='ltr'>verbum</span> <span class='ocrx_word' id='word_1_88' title='bbox 646 658 741 709; x_wconf 83' lang='lat' dir='ltr'>quid</span> <span class='ocrx_word' id='word_1_89' title='bbox 758 658 897 705; x_wconf 84' lang='lat' dir='ltr'>valeat,</span> <span class='ocrx_word' id='word_1_90' title='bbox 918 669 996 694; x_wconf 90' lang='lat' dir='ltr'>non</span> <span class='ocrx_word' id='word_1_91' title='bbox 1015 654 1156 693; x_wconf 81' lang='lat' dir='ltr'>vident.</span> <span class='ocrx_word' id='word_1_92' title='bbox 1188 653 1292 692; x_wconf 89' lang='lat' dir='ltr'>Cum</span> 
     </span>
     <span class='ocr_line' id='line_1_12' title="bbox 161 707 1292 764; baseline -0.004 -16"><span class='ocrx_word' id='word_1_93' title='bbox 161 709 266 748; x_wconf 86' lang='lat' dir='ltr'>enim</span> <span class='ocrx_word' id='word_1_94' title='bbox 286 713 510 763; x_wconf 87' lang='lat' dir='ltr'>quaerimus,</span> <span class='ocrx_word' id='word_1_95' title='bbox 538 713 569 750; x_wconf 92' lang='lat' dir='ltr'>si</span> <span class='ocrx_word' id='word_1_96' title='bbox 587 713 733 764; x_wconf 79' lang='lat' dir='ltr'>possint</span> <span class='ocrx_word' id='word_1_97' title='bbox 752 713 886 759; x_wconf 87' lang='lat' dir='ltr'>celare,</span> <span class='ocrx_word' id='word_1_98' title='bbox 915 709 1010 762; x_wconf 87' lang='lat' dir='ltr'>quid</span> <span class='ocrx_word' id='word_1_99' title='bbox 1035 707 1174 747; x_wconf 85' lang='lat' dir='ltr'>facturi</span> <span class='ocrx_word' id='word_1_100' title='bbox 1201 707 1292 754; x_wconf 85' lang='lat' dir='ltr'>sint,</span> 
     </span>
     <span class='ocr_line' id='line_1_13' title="bbox 163 765 1294 818; baseline 0.001 -17"><span class='ocrx_word' id='word_1_101' title='bbox 163 775 242 802; x_wconf 92' lang='lat' dir='ltr'>non</span> <span class='ocrx_word' id='word_1_102' title='bbox 262 766 485 817; x_wconf 86' lang='lat' dir='ltr'>quaerimus,</span> <span class='ocrx_word' id='word_1_103' title='bbox 512 767 706 818; x_wconf 85' lang='lat' dir='ltr'>possintne</span> <span class='ocrx_word' id='word_1_104' title='bbox 725 767 871 804; x_wconf 89' lang='lat' dir='ltr'>celare:</span> <span class='ocrx_word' id='word_1_105' title='bbox 904 765 970 803; x_wconf 90' lang='lat' dir='ltr'>sed</span> <span class='ocrx_word' id='word_1_106' title='bbox 989 772 1190 814; x_wconf 85' lang='lat' dir='ltr'>tamquam</span> <span class='ocrx_word' id='word_1_107' title='bbox 1216 769 1294 802; x_wconf 87' lang='lat' dir='ltr'>tor-</span> 
     </span>
     <span class='ocr_line' id='line_1_14' title="bbox 163 817 1293 871; baseline -0.003 -15"><span class='ocrx_word' id='word_1_108' title='bbox 163 828 296 858; x_wconf 85' lang='lat' dir='ltr'>menta</span> <span class='ocrx_word' id='word_1_109' title='bbox 315 821 495 871; x_wconf 82' lang='lat' dir='ltr'>quaedam</span> <span class='ocrx_word' id='word_1_110' title='bbox 521 821 762 868; x_wconf 78' lang='lat' dir='ltr'>adhibemus,</span> <span class='ocrx_word' id='word_1_111' title='bbox 791 828 850 869; x_wconf 86' lang='lat' dir='ltr'>ut,</span> <span class='ocrx_word' id='word_1_112' title='bbox 878 819 909 857; x_wconf 90' lang='lat' dir='ltr'>si</span> <span class='ocrx_word' id='word_1_113' title='bbox 935 817 1211 870; x_wconf 84' lang='lat' dir='ltr'>responderint,</span> <span class='ocrx_word' id='word_1_114' title='bbox 1240 828 1293 862; x_wconf 88' lang='lat' dir='ltr'>se,</span> 
     </span>
     <span class='ocr_line' id='line_1_15' title="bbox 164 870 1297 928; baseline -0.003 -18"><span class='ocrx_word' id='word_1_115' title='bbox 164 872 396 924; x_wconf 68' lang='lat' dir='ltr'>impunitate</span> <span class='ocrx_word' id='word_1_116' title='bbox 422 875 630 928; x_wconf 64' lang='lat' dir='ltr'>proposita,</span> <span class='ocrx_word' id='word_1_117' title='bbox 657 876 824 914; x_wconf 84' lang='lat' dir='ltr'>facturos</span> <span class='ocrx_word' id='word_1_118' title='bbox 850 873 955 926; x_wconf 90' lang='lat' dir='ltr'>quod</span> <span class='ocrx_word' id='word_1_119' title='bbox 985 871 1177 924; x_wconf 84' lang='lat' dir='ltr'>expediat,</span> <span class='ocrx_word' id='word_1_120' title='bbox 1204 870 1297 908; x_wconf 81' lang='lat' dir='ltr'>faci-</span> 
     </span>
     <span class='ocr_line' id='line_1_16' title="bbox 165 925 1299 981; baseline -0.004 -16"><span class='ocrx_word' id='word_1_121' title='bbox 165 939 321 968; x_wconf 90' lang='lat' dir='ltr'>norosos</span> <span class='ocrx_word' id='word_1_122' title='bbox 336 942 374 968; x_wconf 90' lang='lat' dir='ltr'>se</span> <span class='ocrx_word' id='word_1_123' title='bbox 390 943 467 968; x_wconf 87' lang='lat' dir='ltr'>esse</span> <span class='ocrx_word' id='word_1_124' title='bbox 486 930 678 968; x_wconf 88' lang='lat' dir='ltr'>fateantur</span> <span class='ocrx_word' id='word_1_125' title='bbox 692 944 704 976; x_wconf 89' lang='lat'>;</span> <span class='ocrx_word' id='word_1_126' title='bbox 727 930 758 968; x_wconf 89' lang='lat' dir='ltr'>si</span> <span class='ocrx_word' id='word_1_127' title='bbox 777 936 931 981; x_wconf 81' lang='lat' dir='ltr'>negent,</span> <span class='ocrx_word' id='word_1_128' title='bbox 948 927 1079 966; x_wconf 88' lang='lat' dir='ltr'>omnia</span> <span class='ocrx_word' id='word_1_129' title='bbox 1090 925 1218 977; x_wconf 84' lang='lat' dir='ltr'>turpia</span> <span class='ocrx_word' id='word_1_130' title='bbox 1230 936 1299 976; x_wconf 89' lang='lat' dir='ltr'>per</span> 
     </span>
     <span class='ocr_line' id='line_1_17' title="bbox 167 978 1300 1035; baseline -0.004 -15"><span class='ocrx_word' id='word_1_131' title='bbox 167 981 291 1034; x_wconf 87' lang='lat' dir='ltr'>seipsa</span> <span class='ocrx_word' id='word_1_132' title='bbox 308 983 493 1035; x_wconf 88' lang='lat' dir='ltr'>fugienda</span> <span class='ocrx_word' id='word_1_133' title='bbox 512 998 591 1023; x_wconf 90' lang='lat' dir='ltr'>esse</span> <span class='ocrx_word' id='word_1_134' title='bbox 616 984 835 1023; x_wconf 81' lang='lat' dir='ltr'>concedant.</span> <span class='ocrx_word' id='word_1_135' title='bbox 866 983 943 1022; x_wconf 86' lang='lat' dir='ltr'>Sed</span> <span class='ocrx_word' id='word_1_136' title='bbox 958 983 1041 1032; x_wconf 89' lang='lat' dir='ltr'>jam</span> <span class='ocrx_word' id='word_1_137' title='bbox 1060 980 1110 1019; x_wconf 87' lang='lat' dir='ltr'>ad</span> <span class='ocrx_word' id='word_1_138' title='bbox 1127 978 1300 1032; x_wconf 89' lang='lat' dir='ltr'>proposi-</span> 
     </span>
     <span class='ocr_line' id='line_1_18' title="bbox 168 1043 523 1078; baseline 0.008 -4"><span class='ocrx_word' id='word_1_139' title='bbox 168 1043 256 1075; x_wconf 90' lang='lat' dir='ltr'>tum</span> <span class='ocrx_word' id='word_1_140' title='bbox 274 1046 523 1078; x_wconf 85' lang='lat' dir='ltr'>revertamur.</span> 
     </span>
    </p>

    <p class='ocr_par' dir='ltr' id='par_1_3' title="bbox 168 1089 1323 2234">
     <span class='ocr_line' id='line_1_19' title="bbox 224 1089 1302 1145; baseline -0.006 -14"><span class='ocrx_word' id='word_1_141' title='bbox 224 1091 278 1131; x_wconf 91' lang='lat' dir='ltr'>X.</span> <span class='ocrx_word' id='word_1_142' title='bbox 309 1092 494 1131; x_wconf 87' lang='lat' dir='ltr'>Incidunt</span> <span class='ocrx_word' id='word_1_143' title='bbox 512 1107 612 1145; x_wconf 86' lang='lat' dir='ltr'>saepe</span> <span class='ocrx_word' id='word_1_144' title='bbox 629 1094 765 1131; x_wconf 86' lang='lat' dir='ltr'>multae</span> <span class='ocrx_word' id='word_1_145' title='bbox 790 1106 928 1140; x_wconf 88' lang='lat' dir='ltr'>causae,</span> <span class='ocrx_word' id='word_1_146' title='bbox 960 1103 1048 1142; x_wconf 88' lang='lat' dir='ltr'>quae</span> <span class='ocrx_word' id='word_1_147' title='bbox 1073 1089 1302 1128; x_wconf 84' lang='lat' dir='ltr'>conturbent</span> 
     </span>
     <span class='ocr_line' id='line_1_20' title="bbox 169 1143 1301 1200; baseline -0.004 -16"><span class='ocrx_word' id='word_1_148' title='bbox 169 1145 319 1185; x_wconf 85' lang='lat' dir='ltr'>animos</span> <span class='ocrx_word' id='word_1_149' title='bbox 338 1147 515 1186; x_wconf 84' lang='lat' dir='ltr'>utilitatis</span> <span class='ocrx_word' id='word_1_150' title='bbox 541 1148 692 1200; x_wconf 87' lang='lat' dir='ltr'>specie;</span> <span class='ocrx_word' id='word_1_151' title='bbox 722 1160 816 1196; x_wconf 84' lang='lat' dir='ltr'>non,</span> <span class='ocrx_word' id='word_1_152' title='bbox 844 1160 934 1185; x_wconf 90' lang='lat' dir='ltr'>cum</span> <span class='ocrx_word' id='word_1_153' title='bbox 959 1146 1032 1184; x_wconf 88' lang='lat' dir='ltr'>hoc</span> <span class='ocrx_word' id='word_1_154' title='bbox 1057 1143 1301 1190; x_wconf 82' lang='lat' dir='ltr'>deliberetur,</span> 
     </span>
     <span class='ocr_line' id='line_1_21' title="bbox 168 1197 1304 1254; baseline -0.003 -16"><span class='ocrx_word' id='word_1_155' title='bbox 168 1200 470 1253; x_wconf 84' lang='lat' dir='ltr'>relinquendane</span> <span class='ocrx_word' id='word_1_156' title='bbox 485 1203 533 1240; x_wconf 91' lang='lat' dir='ltr'>sit</span> <span class='ocrx_word' id='word_1_157' title='bbox 547 1202 724 1242; x_wconf 89' lang='lat' dir='ltr'>honestas</span> <span class='ocrx_word' id='word_1_158' title='bbox 741 1210 896 1254; x_wconf 85' lang='lat' dir='ltr'>propter</span> <span class='ocrx_word' id='word_1_159' title='bbox 914 1199 1090 1240; x_wconf 83' lang='lat' dir='ltr'>utilitatis</span> <span class='ocrx_word' id='word_1_160' title='bbox 1107 1197 1304 1249; x_wconf 85' lang='lat' dir='ltr'>magnitu-</span> 
     </span>
     <span class='ocr_line' id='line_1_22' title="bbox 171 1250 1303 1308; baseline -0.004 -13"><span class='ocrx_word' id='word_1_161' title='bbox 171 1254 304 1295; x_wconf 85' lang='lat' dir='ltr'>dinem</span> <span class='ocrx_word' id='word_1_162' title='bbox 331 1261 439 1300; x_wconf 84' lang='lat' dir='ltr'>(nam</span> <span class='ocrx_word' id='word_1_163' title='bbox 467 1257 507 1295; x_wconf 90' lang='lat' dir='ltr'>id</span> <span class='ocrx_word' id='word_1_164' title='bbox 533 1257 693 1308; x_wconf 89' lang='lat' dir='ltr'>quidem</span> <span class='ocrx_word' id='word_1_165' title='bbox 718 1257 942 1308; x_wconf 88' lang='lat' dir='ltr'>improbum</span> <span class='ocrx_word' id='word_1_166' title='bbox 968 1261 1068 1301; x_wconf 89' lang='lat' dir='ltr'>est);</span> <span class='ocrx_word' id='word_1_167' title='bbox 1099 1252 1165 1292; x_wconf 87' lang='lat' dir='ltr'>sed</span> <span class='ocrx_word' id='word_1_168' title='bbox 1189 1250 1303 1298; x_wconf 72' lang='lat' dir='ltr'>illud,</span> 
     </span>
     <span class='ocr_line' id='line_1_23' title="bbox 171 1306 1304 1364; baseline -0.005 -16"><span class='ocrx_word' id='word_1_169' title='bbox 171 1309 341 1363; x_wconf 71' lang='lat' dir='ltr'>possitne</span> <span class='ocrx_word' id='word_1_170' title='bbox 366 1311 420 1357; x_wconf 88' lang='lat' dir='ltr'>id,</span> <span class='ocrx_word' id='word_1_171' title='bbox 453 1313 558 1364; x_wconf 90' lang='lat' dir='ltr'>quod</span> <span class='ocrx_word' id='word_1_172' title='bbox 582 1311 676 1350; x_wconf 88' lang='lat' dir='ltr'>utile</span> <span class='ocrx_word' id='word_1_173' title='bbox 702 1311 889 1357; x_wconf 84' lang='lat' dir='ltr'>videatur,</span> <span class='ocrx_word' id='word_1_174' title='bbox 919 1309 1001 1348; x_wconf 86' lang='lat' dir='ltr'>fieri</span> <span class='ocrx_word' id='word_1_175' title='bbox 1025 1320 1103 1347; x_wconf 89' lang='lat' dir='ltr'>non</span> <span class='ocrx_word' id='word_1_176' title='bbox 1129 1306 1304 1358; x_wconf 88' lang='lat' dir='ltr'>turpiter.</span> 
     </span>
     <span class='ocr_line' id='line_1_24' title="bbox 175 1361 1304 1417; baseline -0.004 -16"><span class='ocrx_word' id='word_1_177' title='bbox 175 1361 280 1402; x_wconf 84' lang='lat' dir='ltr'>Cum</span> <span class='ocrx_word' id='word_1_178' title='bbox 300 1364 492 1404; x_wconf 83' lang='lat' dir='ltr'>Collatino</span> <span class='ocrx_word' id='word_1_179' title='bbox 512 1366 666 1417; x_wconf 73' lang='lat' dir='ltr'>collegae</span> <span class='ocrx_word' id='word_1_180' title='bbox 684 1366 833 1404; x_wconf 86' lang='lat' dir='ltr'>Brutus</span> <span class='ocrx_word' id='word_1_181' title='bbox 851 1363 1060 1416; x_wconf 78' lang='lat' dir='ltr'>imperium</span> <span class='ocrx_word' id='word_1_182' title='bbox 1080 1362 1304 1412; x_wconf 83' lang='lat' dir='ltr'>abrogabat,</span> 
     </span>
     <span class='ocr_line' id='line_1_25' title="bbox 172 1416 1306 1470; baseline -0.006 -13"><span class='ocrx_word' id='word_1_183' title='bbox 172 1426 322 1470; x_wconf 88' lang='lat' dir='ltr'>poterat</span> <span class='ocrx_word' id='word_1_184' title='bbox 340 1419 460 1459; x_wconf 87' lang='lat' dir='ltr'>videri</span> <span class='ocrx_word' id='word_1_185' title='bbox 484 1420 607 1459; x_wconf 88' lang='lat' dir='ltr'>facere</span> <span class='ocrx_word' id='word_1_186' title='bbox 631 1421 672 1459; x_wconf 89' lang='lat' dir='ltr'>id</span> <span class='ocrx_word' id='word_1_187' title='bbox 696 1421 862 1470; x_wconf 90' lang='lat' dir='ltr'>injuste:</span> <span class='ocrx_word' id='word_1_188' title='bbox 894 1420 1020 1458; x_wconf 86' lang='lat' dir='ltr'>fuerat</span> <span class='ocrx_word' id='word_1_189' title='bbox 1045 1416 1164 1463; x_wconf 91' lang='lat' dir='ltr'>enim,</span> <span class='ocrx_word' id='word_1_190' title='bbox 1185 1416 1226 1452; x_wconf 88' lang='lat' dir='ltr'>in</span> <span class='ocrx_word' id='word_1_191' title='bbox 1245 1426 1306 1451; x_wconf 87' lang='lat' dir='ltr'>re-</span> 
     </span>
     <span class='ocr_line' id='line_1_26' title="bbox 172 1468 1305 1526; baseline -0.005 -14"><span class='ocrx_word' id='word_1_192' title='bbox 172 1472 288 1523; x_wconf 87' lang='lat' dir='ltr'>gibus</span> <span class='ocrx_word' id='word_1_193' title='bbox 319 1474 566 1526; x_wconf 84' lang='lat' dir='ltr'>expellendis,</span> <span class='ocrx_word' id='word_1_194' title='bbox 598 1475 721 1513; x_wconf 89' lang='lat' dir='ltr'>socius</span> <span class='ocrx_word' id='word_1_195' title='bbox 747 1474 878 1523; x_wconf 87' lang='lat' dir='ltr'>Bruti,</span> <span class='ocrx_word' id='word_1_196' title='bbox 910 1471 1158 1512; x_wconf 78' lang='lat' dir='ltr'>consiliorum</span> <span class='ocrx_word' id='word_1_197' title='bbox 1189 1468 1305 1507; x_wconf 87' lang='lat' dir='ltr'>etiam</span> 
     </span>
     <span class='ocr_line' id='line_1_27' title="bbox 174 1522 1306 1578; baseline -0.004 -14"><span class='ocrx_word' id='word_1_198' title='bbox 174 1526 341 1578; x_wconf 84' lang='lat' dir='ltr'>adjutor.</span> <span class='ocrx_word' id='word_1_199' title='bbox 385 1528 489 1567; x_wconf 86' lang='lat' dir='ltr'>Cum</span> <span class='ocrx_word' id='word_1_200' title='bbox 514 1537 645 1567; x_wconf 89' lang='lat' dir='ltr'>autem</span> <span class='ocrx_word' id='word_1_201' title='bbox 664 1529 868 1568; x_wconf 87' lang='lat' dir='ltr'>consilium</span> <span class='ocrx_word' id='word_1_202' title='bbox 886 1528 959 1565; x_wconf 88' lang='lat' dir='ltr'>hoc</span> <span class='ocrx_word' id='word_1_203' title='bbox 977 1525 1166 1578; x_wconf 89' lang='lat' dir='ltr'>principes</span> <span class='ocrx_word' id='word_1_204' title='bbox 1186 1522 1306 1574; x_wconf 87' lang='lat' dir='ltr'>cepis-</span> 
     </span>
     <span class='ocr_line' id='line_1_28' title="bbox 174 1577 1308 1635; baseline -0.006 -14"><span class='ocrx_word' id='word_1_205' title='bbox 174 1589 272 1630; x_wconf 85' lang='lat' dir='ltr'>sent,</span> <span class='ocrx_word' id='word_1_206' title='bbox 305 1583 570 1635; x_wconf 86' lang='lat' dir='ltr'>cognationem</span> <span class='ocrx_word' id='word_1_207' title='bbox 604 1583 783 1635; x_wconf 87' lang='lat' dir='ltr'>Superbi,</span> <span class='ocrx_word' id='word_1_208' title='bbox 817 1593 1037 1633; x_wconf 90' lang='lat' dir='ltr'>nomenque</span> <span class='ocrx_word' id='word_1_209' title='bbox 1069 1577 1308 1630; x_wconf 88' lang='lat' dir='ltr'>Tarquinio-</span> 
     </span>
     <span class='ocr_line' id='line_1_29' title="bbox 174 1631 1306 1689; baseline -0.003 -15"><span class='ocrx_word' id='word_1_210' title='bbox 174 1648 280 1684; x_wconf 84' lang='lat' dir='ltr'>rum,</span> <span class='ocrx_word' id='word_1_211' title='bbox 301 1644 339 1675; x_wconf 89' lang='lat' dir='ltr'>et</span> <span class='ocrx_word' id='word_1_212' title='bbox 357 1637 585 1677; x_wconf 87' lang='lat' dir='ltr'>memoriam</span> <span class='ocrx_word' id='word_1_213' title='bbox 603 1637 726 1689; x_wconf 86' lang='lat' dir='ltr'>regni,</span> <span class='ocrx_word' id='word_1_214' title='bbox 747 1650 825 1675; x_wconf 91' lang='lat' dir='ltr'>esse</span> <span class='ocrx_word' id='word_1_215' title='bbox 844 1637 1080 1679; x_wconf 86' lang='lat' dir='ltr'>tollendam;</span> <span class='ocrx_word' id='word_1_216' title='bbox 1102 1631 1207 1685; x_wconf 87' lang='lat' dir='ltr'>quod</span> <span class='ocrx_word' id='word_1_217' title='bbox 1225 1637 1306 1671; x_wconf 79' lang='lat' dir='ltr'>erat</span> 
     </span>
     <span class='ocr_line' id='line_1_30' title="bbox 175 1689 1311 1743; baseline -0.004 -16"><span class='ocrx_word' id='word_1_218' title='bbox 175 1690 285 1739; x_wconf 81' lang='lat' dir='ltr'>un&#39;le,</span> <span class='ocrx_word' id='word_1_219' title='bbox 324 1692 458 1743; x_wconf 87' lang='lat' dir='ltr'>patriae</span> <span class='ocrx_word' id='word_1_220' title='bbox 490 1692 699 1740; x_wconf 91' lang='lat' dir='ltr'>consulere,</span> <span class='ocrx_word' id='word_1_221' title='bbox 737 1691 779 1729; x_wconf 92' lang='lat' dir='ltr'>id</span> <span class='ocrx_word' id='word_1_222' title='bbox 809 1699 889 1729; x_wconf 82' lang='lat' dir='ltr'>erat</span> <span class='ocrx_word' id='word_1_223' title='bbox 920 1690 976 1728; x_wconf 90' lang='lat' dir='ltr'>ita</span> <span class='ocrx_word' id='word_1_224' title='bbox 1006 1689 1227 1733; x_wconf 89' lang='lat' dir='ltr'>honestum,</span> <span class='ocrx_word' id='word_1_225' title='bbox 1265 1691 1311 1722; x_wconf 91' lang='lat' dir='ltr'>ut</span> 
     </span>
     <span class='ocr_line' id='line_1_31' title="bbox 177 1739 1310 1798; baseline -0.004 -16"><span class='ocrx_word' id='word_1_226' title='bbox 177 1745 295 1784; x_wconf 84' lang='lat' dir='ltr'>etiam</span> <span class='ocrx_word' id='word_1_227' title='bbox 314 1745 388 1797; x_wconf 89' lang='lat' dir='ltr'>ipsi</span> <span class='ocrx_word' id='word_1_228' title='bbox 407 1746 599 1785; x_wconf 88' lang='lat' dir='ltr'>Collatino</span> <span class='ocrx_word' id='word_1_229' title='bbox 618 1747 766 1798; x_wconf 85' lang='lat' dir='ltr'>placere</span> <span class='ocrx_word' id='word_1_230' title='bbox 785 1745 950 1783; x_wconf 79' lang='lat' dir='ltr'>deberet.</span> <span class='ocrx_word' id='word_1_231' title='bbox 999 1743 1139 1794; x_wconf 90' lang='lat' dir='ltr'>Itaque</span> <span class='ocrx_word' id='word_1_232' title='bbox 1164 1739 1310 1781; x_wconf 75' lang='lat' dir='ltr'>utilitas</span> 
     </span>
     <span class='ocr_line' id='line_1_32' title="bbox 178 1793 1311 1852; baseline -0.004 -15"><span class='ocrx_word' id='word_1_233' title='bbox 178 1799 301 1839; x_wconf 83' lang='lat' dir='ltr'>valuit</span> <span class='ocrx_word' id='word_1_234' title='bbox 319 1808 474 1852; x_wconf 88' lang='lat' dir='ltr'>propter</span> <span class='ocrx_word' id='word_1_235' title='bbox 492 1801 756 1846; x_wconf 77' lang='lat' dir='ltr'>honestatem3</span> <span class='ocrx_word' id='word_1_236' title='bbox 788 1800 868 1838; x_wconf 91' lang='lat' dir='ltr'>sine</span> <span class='ocrx_word' id='word_1_237' title='bbox 887 1798 967 1851; x_wconf 66' lang='lat' dir='ltr'>qua</span> <span class='ocrx_word' id='word_1_238' title='bbox 984 1810 1033 1835; x_wconf 92' lang='lat' dir='ltr'>ne</span> <span class='ocrx_word' id='word_1_239' title='bbox 1051 1796 1197 1835; x_wconf 84' lang='lat' dir='ltr'>utilitas</span> <span class='ocrx_word' id='word_1_240' title='bbox 1223 1793 1311 1845; x_wconf 90' lang='lat' dir='ltr'>qui-</span> 
     </span>
     <span class='ocr_line' id='line_1_33' title="bbox 179 1852 1313 1906; baseline -0.005 -15"><span class='ocrx_word' id='word_1_241' title='bbox 179 1853 270 1891; x_wconf 88' lang='lat' dir='ltr'>dem</span> <span class='ocrx_word' id='word_1_242' title='bbox 296 1868 375 1895; x_wconf 88' lang='lat' dir='ltr'>esse</span> <span class='ocrx_word' id='word_1_243' title='bbox 393 1855 590 1906; x_wconf 85' lang='lat' dir='ltr'>potuisset.</span> <span class='ocrx_word' id='word_1_244' title='bbox 632 1855 692 1893; x_wconf 88' lang='lat' dir='ltr'>At</span> <span class='ocrx_word' id='word_1_245' title='bbox 719 1855 760 1892; x_wconf 89' lang='lat' dir='ltr'>in</span> <span class='ocrx_word' id='word_1_246' title='bbox 780 1867 824 1893; x_wconf 92' lang='lat' dir='ltr'>eo</span> <span class='ocrx_word' id='word_1_247' title='bbox 842 1866 944 1905; x_wconf 84' lang='lat' dir='ltr'>rege,</span> <span class='ocrx_word' id='word_1_248' title='bbox 966 1852 1036 1904; x_wconf 91' lang='lat' dir='ltr'>qui</span> <span class='ocrx_word' id='word_1_249' title='bbox 1059 1853 1197 1890; x_wconf 89' lang='lat' dir='ltr'>urbem</span> <span class='ocrx_word' id='word_1_250' title='bbox 1222 1860 1313 1888; x_wconf 87' lang='lat' dir='ltr'>con-</span> 
     </span>
     <span class='ocr_line' id='line_1_34' title="bbox 180 1902 1315 1961; baseline -0.005 -15"><span class='ocrx_word' id='word_1_251' title='bbox 180 1908 292 1957; x_wconf 85' lang='lat' dir='ltr'>didit,</span> <span class='ocrx_word' id='word_1_252' title='bbox 313 1922 391 1947; x_wconf 90' lang='lat' dir='ltr'>non</span> <span class='ocrx_word' id='word_1_253' title='bbox 404 1910 471 1948; x_wconf 85' lang='lat' dir='ltr'>ita.</span> <span class='ocrx_word' id='word_1_254' title='bbox 501 1909 652 1961; x_wconf 83' lang='lat' dir='ltr'>Species</span> <span class='ocrx_word' id='word_1_255' title='bbox 667 1909 771 1947; x_wconf 89' lang='lat' dir='ltr'>enim</span> <span class='ocrx_word' id='word_1_256' title='bbox 785 1907 960 1947; x_wconf 83' lang='lat' dir='ltr'>utilitatis</span> <span class='ocrx_word' id='word_1_257' title='bbox 974 1906 1150 1945; x_wconf 86' lang='lat' dir='ltr'>animum</span> <span class='ocrx_word' id='word_1_258' title='bbox 1164 1902 1315 1956; x_wconf 85' lang='lat' dir='ltr'>pepulit</span> 
     </span>
     <span class='ocr_line' id='line_1_35' title="bbox 182 1961 1316 2012; baseline -0.002 -12"><span class='ocrx_word' id='word_1_259' title='bbox 182 1963 291 2012; x_wconf 81' lang='lat' dir='ltr'>ejus3</span> <span class='ocrx_word' id='word_1_260' title='bbox 323 1963 386 2001; x_wconf 94' lang='lat' dir='ltr'>cui</span> <span class='ocrx_word' id='word_1_261' title='bbox 405 1977 494 2002; x_wconf 90' lang='lat' dir='ltr'>cum</span> <span class='ocrx_word' id='word_1_262' title='bbox 514 1965 640 2003; x_wconf 88' lang='lat' dir='ltr'>visum</span> <span class='ocrx_word' id='word_1_263' title='bbox 660 1971 755 2002; x_wconf 86' lang='lat' dir='ltr'>esset</span> <span class='ocrx_word' id='word_1_264' title='bbox 773 1963 920 2011; x_wconf 80' lang='lat' dir='ltr'>utilius,</span> <span class='ocrx_word' id='word_1_265' title='bbox 941 1961 1067 2000; x_wconf 87' lang='lat' dir='ltr'>solum</span> <span class='ocrx_word' id='word_1_266' title='bbox 1087 1972 1206 2011; x_wconf 90' lang='lat' dir='ltr'>quam</span> <span class='ocrx_word' id='word_1_267' title='bbox 1225 1969 1316 1998; x_wconf 84' lang='lat' dir='ltr'>cum</span> 
     </span>
     <span class='ocr_line' id='line_1_36' title="bbox 183 2011 1317 2069; baseline -0.006 -13"><span class='ocrx_word' id='word_1_268' title='bbox 183 2018 302 2057; x_wconf 86' lang='lat' dir='ltr'>altero</span> <span class='ocrx_word' id='word_1_269' title='bbox 322 2031 494 2069; x_wconf 88' lang='lat' dir='ltr'>regnare,</span> <span class='ocrx_word' id='word_1_270' title='bbox 514 2018 671 2057; x_wconf 89' lang='lat' dir='ltr'>fratrem</span> <span class='ocrx_word' id='word_1_271' title='bbox 686 2017 890 2056; x_wconf 87' lang='lat' dir='ltr'>interemit.</span> <span class='ocrx_word' id='word_1_272' title='bbox 935 2015 1081 2055; x_wconf 87' lang='lat' dir='ltr'>Omisit</span> <span class='ocrx_word' id='word_1_273' title='bbox 1098 2014 1161 2052; x_wconf 86' lang='lat' dir='ltr'>hic</span> <span class='ocrx_word' id='word_1_274' title='bbox 1181 2020 1218 2051; x_wconf 88' lang='lat' dir='ltr'>et</span> <span class='ocrx_word' id='word_1_275' title='bbox 1235 2011 1317 2063; x_wconf 85' lang='lat' dir='ltr'>pie-</span> 
     </span>
     <span class='ocr_line' id='line_1_37' title="bbox 185 2068 1317 2123; baseline -0.005 -14"><span class='ocrx_word' id='word_1_276' title='bbox 185 2078 305 2110; x_wconf 85' lang='lat' dir='ltr'>tatem</span> <span class='ocrx_word' id='word_1_277' title='bbox 333 2081 370 2111; x_wconf 86' lang='lat' dir='ltr'>et</span> <span class='ocrx_word' id='word_1_278' title='bbox 387 2073 684 2120; x_wconf 88' lang='lat' dir='ltr'>humanitatem,</span> <span class='ocrx_word' id='word_1_279' title='bbox 711 2081 757 2111; x_wconf 92' lang='lat' dir='ltr'>ut</span> <span class='ocrx_word' id='word_1_280' title='bbox 780 2072 836 2121; x_wconf 90' lang='lat' dir='ltr'>id,</span> <span class='ocrx_word' id='word_1_281' title='bbox 864 2071 969 2123; x_wconf 90' lang='lat' dir='ltr'>quod</span> <span class='ocrx_word' id='word_1_282' title='bbox 986 2070 1081 2108; x_wconf 90' lang='lat' dir='ltr'>utile</span> <span class='ocrx_word' id='word_1_283' title='bbox 1100 2068 1317 2113; x_wconf 77' lang='lat' dir='ltr'>videbatur,</span> 
     </span>
     <span class='ocr_line' id='line_1_38' title="bbox 185 2123 1319 2180; baseline -0.004 -16"><span class='ocrx_word' id='word_1_284' title='bbox 185 2137 313 2179; x_wconf 80' lang='lat' dir='ltr'>neque</span> <span class='ocrx_word' id='word_1_285' title='bbox 337 2134 430 2174; x_wconf 87' lang='lat' dir='ltr'>erat,</span> <span class='ocrx_word' id='word_1_286' title='bbox 463 2128 612 2180; x_wconf 87' lang='lat' dir='ltr'>assequi</span> <span class='ocrx_word' id='word_1_287' title='bbox 635 2135 786 2179; x_wconf 86' lang='lat' dir='ltr'>posset:</span> <span class='ocrx_word' id='word_1_288' title='bbox 817 2133 855 2165; x_wconf 92' lang='lat' dir='ltr'>et</span> <span class='ocrx_word' id='word_1_289' title='bbox 880 2136 1010 2164; x_wconf 83' lang='lat' dir='ltr'>tamen</span> <span class='ocrx_word' id='word_1_290' title='bbox 1034 2123 1139 2161; x_wconf 86' lang='lat' dir='ltr'>muri</span> <span class='ocrx_word' id='word_1_291' title='bbox 1165 2132 1319 2161; x_wconf 85' lang='lat' dir='ltr'>causam</span> 
     </span>
     <span class='ocr_line' id='line_1_39' title="bbox 188 2177 1323 2234; baseline -0.007 -11"><span class='ocrx_word' id='word_1_292' title='bbox 188 2181 383 2234; x_wconf 66' lang='lat' dir='ltr'>opposuit,</span> <span class='ocrx_word' id='word_1_293' title='bbox 412 2182 577 2234; x_wconf 82' lang='lat' dir='ltr'>speciem</span> <span class='ocrx_word' id='word_1_294' title='bbox 601 2181 811 2229; x_wconf 79' lang='lat' dir='ltr'>honestatis</span> <span class='ocrx_word' id='word_1_295' title='bbox 840 2193 967 2233; x_wconf 74' lang='lat' dir='ltr'>neque</span> <span class='ocrx_word' id='word_1_296' title='bbox 987 2177 1228 2232; x_wconf 77' lang='lat' dir='ltr'>probabilem</span> <span class='ocrx_word' id='word_1_297' title='bbox 1256 2186 1323 2215; x_wconf 66' lang='lat' dir='ltr'>ner</span> 
     </span>
    </p>
   </div>
  </div>
 </body>
</html>
