1470 2402
266 102 345 142 DE
374 102 640 152 LEGIBUS,
661 102 820 163 L11351.
842 102 950 141 CAP.
967 103 1013 140 4.’
1125 103 1203 141 133

76 212 185 263 §tato
203 219 319 263 atque
336 212 496 250 honesto
513 211 694 263 fungerer
707 224 880 250 munere.
911 211 974 250 Sic
989 211 1092 250 enim
1106 211 1206 249 mihi

76 265 218 313 liceret,
239 274 276 304 et
294 266 358 304 isti
375 267 430 304 rei
448 280 567 318 quam
585 266 788 312 desideras,
810 275 847 304 et
864 266 999 304 multis
1018 266 1206 304 uberiori-

76 320 151 358 bus
169 328 286 372 atque
304 321 529 370 majoribus,
551 334 676 372 operae
691 329 882 372 quantum
903 321 1055 367 vellem,
1077 320 1178 359 dare.

135 374 212 412 IV.
242 375 413 412 Atticus.
445 376 576 427 Atqui
594 388 738 422 vereor,
758 387 807 413 ne
825 375 940 413 istam
965 388 1119 413 causam
1140 388 1208 414 ne-

76 440 143 466 mo
161 437 311 475 noscat;
333 429 479 481 tibique
494 443 643 481 semper
658 428 864 468 dicendum
879 429 940 474 sit,
957 438 994 467 et
1009 443 1052 467 eo
1061 430 1206 490 magis,

77 482 184 534 quod
210 491 249 521 te
275 483 357 535 ipse
375 483 549 530 mutasti,
572 492 608 522 et
628 484 735 521 aliud
754 483 906 522 dicendi
921 484 1122 523 instituisti
1140 497 1207 535 ge-

78 549 177 575 nus:
207 545 266 584 ut,
298 538 630 589 quemadmodum
662 538 838 584 Roscius,
870 538 1071 576 familiaris
1101 546 1208 585 tuus,

77 591 120 628 in
145 600 337 631 senectute
362 606 542 631 numeros
561 593 602 630 in
628 601 742 631 cantu
772 591 1210 654 [ceciderat,]1psasque

78 646 262 684 tardiores
280 646 420 685 fecerat
439 647 578 692 fibias3
609 647 661 685 sic
680 654 723 684 tu
743 660 765 684 3
784 646 1105 691 contentionibus,
1122 647 1210 698 qui-

76 701 150 738 bus
170 701 332 739 summis
350 702 408 739 1111
427 702 588 747 solebas,
610 701 781 752 quotidie
809 701 955 739 relaxes
981 701 1142 753 aliquid,
1163 709 1209 739 ut

74 755 159 804 jam
178 755 300 793 oratio
324 763 392 793 tua
419 768 497 794 non
524 756 696 793 multum
723 769 746 793 a
769 755 1087 807 philosophorum
1111 756 1208 793 leni·

76 816 155 847 tate
174 809 297 848 absit:
328 810 433 861 quod
453 810 637 848 sustinere
657 823 746 848 cum
767 810 828 848 vel
857 822 1010 847 summa
1036 819 1208 849 senectus

75 876 186 915 posse
198 864 386 911 videatur,
403 865 551 902 nullam
573 864 644 903 tibi
663 878 685 902 3
704 864 826 903 8311515
846 864 1084 902 vacationem
1098 864 1208 903 video

77 917 172 956 dari.
218 919 401 963 Quintus.
423 919 497 965 At,
518 919 750 966 mehercule,
773 932 843 970 ego
869 918 1081 956 arbitrabar
1099 931 1210 970 posse

76 972 118 1010 id
136 972 281 1024 populo
299 982 429 1012 nostro
448 974 615 1025 probari,
638 974 669 1011 si
688 982 725 1011 te
745 973 794 1010 ad
810 974 875 1022 jus
895 973 1206 1024 respondendum

79 1026 256 1065 dedisses.
302 1027 583 1075 Quamobrem,
611 1041 700 1066 cum
727 1027 907 1078 placebit,
930 1027 1207 1078 experiendum

79 1081 151 1120 tibi
169 1095 312 1120 censeo.
355 1084 537 1120 ssIctrcus.
559 1082 622 1128 Id,
643 1081 848 1133 siquidem,
871 1081 1033 1129 Quinte,
1054 1082 1210 1120 nullum

79 1144 175 1174 esset
193 1136 233 1174 in
253 1136 482 1188 experiendo
501 1136 730 1188 periculum.
770 1135 846 1174 Sed
865 1149 1008 1181 vereor,
1030 1148 1092 1182 ne,
1114 1136 1209 1174 dum

76 1190 251 1229 minuere
277 1191 394 1229 velim
425 1191 611 1239 laborem,
648 1203 838 1242 augeam,
828 1204 837 1213 ·
875 1199 991 1242 atque
1018 1190 1066 1228 ad
1099 1191 1210 1229 illam

80 1257 284 1283 causarum
311 1259 483 1296 operam,
505 1245 555 1283 ad
574 1258 693 1297 quam
721 1258 791 1296 ego
810 1257 1028 1296 nunquam,
1050 1245 1124 1283 nisi
1142 1259 1213 1296 pa

79 1307 184 1337 ratus
204 1307 240 1338 et
265 1300 486 1346 meditatus,
508 1300 658 1347 accedo,
679 1299 914 1350 adjungatur
931 1299 1044 1337 haec
1029 1300 1127 1348 juris
1152 1300 1212 1337 in-

79 1354 312 1404 terpretatio,
341 1368 428 1406 quae
454 1367 530 1393 non
561 1363 640 1392 tam
672 1353 770 1391 mihi
793 1354 954 1391 molesta
983 1354 1031 1391 sit
1057 1363 1213 1405 propter

80 1408 266 1455 laborem,
296 1422 416 1460 quam
443 1409 549 1460 quod
575 1408 725 1447 dicendi
751 1408 1020 1459 cogitationem
1049 1408 1210 1456 auferat,

80 1462 160 1501 sine
179 1477 257 1514 qua
276 1464 326 1501 ad
349 1463 500 1501 nullam
526 1464 714 1513 majorem
740 1474 917 1514 unquam
943 1475 1098 1500 causam
1124 1476 1211 1501 sum

80 1530 197 1555 ausus
215 1518 402 1556 accedere.

133 1572 305 1609 Atticus.
336 1571 446 1619 Quin
470 1572 588 1623 igitur
615 1572 689 1610 ista
714 1571 798 1623 ipsa
823 1571 990 1623 explicas
1016 1571 1126 1610 nobis
1150 1571 1212 1610 his

81 1625 286 1664 subsecivis
305 1630 366 1669 (ut
385 1627 456 1674 ais)
482 1626 734 1678 temporibus,
762 1634 799 1664 et
825 1625 1028 1664 conscribis
1054 1625 1101 1663 de
1123 1627 1212 1675 jure

80 1680 183 1718 civili
201 1680 380 1719 subtilius
399 1694 518 1733 quam
537 1680 690 1719 caeteri?
719 1680 842 1727 Nam,
859 1694 881 1718 a
895 1679 1021 1731 primo
1035 1688 1211 1731 tempore

82 1735 218 1780 aetatis,
250 1734 330 1784 juri
360 1735 509 1773 studere
535 1744 573 1773 te
597 1734 773 1781 memini,
801 1747 892 1772 cum
917 1734 997 1784 ipse
1017 1733 1132 1771 etiam
1159 1734 1210 1772 ad

81 1788 294 1827 Scaevolam
313 1789 563 1827 ventitarem.
595 1802 721 1840 neque
740 1801 915 1839 unquam
933 1788 1033 1825 1111111
1051 1788 1154 1826 visus
1173 1802 1212 1826 oe

82 1844 137 1880 ita
155 1850 193 1881 te
212 1843 262 1881 ad
280 1843 486 1881 dicendum
499 1843 660 1889 dedisse,
674 1850 719 1880 ut
733 1843 798 1892 jus
814 1843 923 1880 civile
937 1850 1211 1881 contemneres

81 1899 264 1935 Marcus.
297 1897 346 1935 In
376 1898 539 1959 longum
566 1909 783 1936 sermonem
811 1910 874 1935 me
898 1909 1023 1945 vocas,
1050 1896 1210 1943 Attice;

82 1965 200 2003 quem
217 1959 363 1999 tamen,
383 1953 458 1990 11151
477 1952 651 2000 Quintus
669 1950 777 1989 aliud
795 1950 890 2003 quid
908 1963 977 1989 nos
997 1964 1108 2001 agere
1125 1964 1210 1989 ma-

82 2007 182 2053 vult,
209 2006 440 2057 suscipiam.
472 2015 522 2054 et,
550 2006 735 2058 quoniam
761 2005 872 2043 vacui
897 2019 1045 2053 sumus,
1073 2005 1212 2044 dicam.

86 2060 271 2106 Quintus.
300 2061 388 2112 Ego
421 2074 510 2100 vero
542 2061 705 2099 libenter
735 2059 950 2098 audierim:
982 2059 1078 2112 quid
1106 2060 1211 2098 enim

80 2127 196 2165 agam
224 2115 385 2167 potius?
415 2123 483 2154 aut
510 2116 551 2153 in
580 2128 658 2167 quo
683 2114 824 2153 melius
848 2114 954 2153 hunc
984 2127 1212 2153 consumam

82 2168 188 2207 diem
205 2171 222 2208 ?

138 2224 313 2262 Marcus.
325 2224 444 2273 ,Quin
462 2225 580 2276 igitur
598 2225 649 2264 ad
666 2224 735 2264 illa
749 2223 872 2277 spatia
884 2231 1014 2264 nostra
1027 2222 1212 2274 sedesque

137 2279 329 2327 (Philos.)
350 2291 457 2318 vor„
482 2291 546 2318 1v.
832 2289 864 2316 N
