1470 2402
407 86 659 127 TIMAEUS.
690 85 797 126 CM».
830 88 892 126 14.
1136 88 1217 125 445

80 196 242 248 ligentia
260 205 377 250 atque
394 195 555 244 ratione,
576 210 677 249 quae,
691 196 766 236 nisi
785 197 823 235 in
845 196 988 244 animo,
1009 195 1119 234 nulla
1138 197 1215 235 alia}⁴

83 251 124 291 in
143 252 284 291 natura
307 252 559 304 reperiantur.
584 252 758 290 Animus
790 259 919 290 autem
946 263 1099 289 sensum
1130 264 1215 289 om-.

82 318 174 346 nem
193 307 329 358 effugit
346 306 559 345 oculorum.
589 310 648 344 At
662 306 777 358 ignis,
798 314 835 344 et
854 319 969 358 aqua.r
992 315 1028 344 et
1047 314 1159 348 terra,
1177 315 1214 345 et

82 362 162 410 aet,
197 374 354 413 corpora
379 368 482 407 sunt,
507 373 629 413 eaque
661 370 880 399 cernuntur.
914 361 1033 398 Illum
1066 369 1213 408 autem,

83 416 153 469 qui
170 415 435 467 intelligentia?
458 415 730 467 sapientiaeque
759 429 797 453 se
816 425 1026 453 amatorem
1057 416 1211 467 profite-

81 478 160 520 tur,
180 483 330 510 necaese
345 478 415 517 est,
435 469 683 521 intelligentis
702 469 960 521 sapientisque
975 479 1121 508 naturae
1134 470 1213 522 pri-

82 538 168 565 mas
196 538 327 564 causas
352 524 602 577 conquirere3
634 525 772 563 deinde
798 524 983 563 secundas
1003 537 1133 563 causas
1153 538 1213 562 re-

80 593 170 619 rum
190 593 320 618 earum
349 593 437 632 quae
466 579 674 618 necessario
699 588 855 617 movent
874 579 982 627 alias,
1011 592 1100 617 cum
1120 579 1214 631 ipsae

82 636 132 674 ab
164 634 249 673 aliis
280 641 497 674 moventur.
528 633 734 681 Quocirca,
767 634 876 672 nobis
906 634 959 672 sic
989 646 1101 672 cerno
1135 647 1214 672 esse

80 689 317 738 faciendum,
346 696 392 727 ut
422 688 469 727 de
487 696 652 741 utroque
680 701 749 727 nos
769 688 926 740 quidem
955 688 1128 727 dicamus
1147 702 1215 740 ge-

82 755 174 783 nere
192 756 410 790 causarum,
427 743 631 795 separatim
647 751 776 781 autem
797 743 845 781 de
862 743 924 789 iis,
945 756 1033 794 quae
1048 756 1134 781 cum
1154 743 1214 781 in-

80 798 294 850 telligentia
313 806 404 837 sunt
419 797 622 837 efficientae
640 797 984 850 pulcherrimarum
1007 811 1134 836 rerum
1156 807 1218 836 at·

82 866 160 906 que
178 853 413 905 optimarum
430 866 442 899 ;
473 861 511 890 et
529 852 577 890 de
595 852 656 900 iis,
673 866 774 904 quae,
795 860 971 891 vacantes
989 852 1210 904 prudentia,

81 907 336 946 inconstantia
367 908 666 960 perturbataque
699 906 880 945 efficiunt.
911 908 973 946 Ac
1003 906 1050 945 de
1083 907 1214 945 oculo-

81 975 172 1002 rum
205 962 364 1014 quidem
396 961 534 1009 causis,
572 969 617 999 ut
648 961 833 1000 haberent
866 974 949 1000 eam
981 961 1062 999 vim
1090 975 1210 1013 quam

81 1028 187 1055 nunc
204 1016 363 1064 habent,
384 1016 473 1055 satis
492 1016 612 1054 ferme
631 1029 710 1055 esse
728 1016 873 1054 dictum
894 1025 1001 1068 puto.
1028 1017 1211 1055 Maxima

81 1078 213 1110 autem
233 1083 367 1110 eorum
394 1071 554 1119 utilitas,
583 1070 724 1110 donata
751 1071 923 1109 humano
949 1071 1080 1122 generi
1108 1071 1212 1110 Deo-

83 1138 173 1165 rum
192 1138 368 1175 munere,
396 1125 574 1177 deinceps
593 1125 815 1177 explicetur.
851 1126 1000 1164 Rerum
1019 1126 1124 1164 enim
1143 1139 1212 1178 op-

82 1180 268 1219 timarum
301 1180 536 1233 cognitiones
571 1181 683 1219 nobis
719 1180 819 1219 oculi
848 1181 1072 1219 attulerunt.
1103 1181 1212 1220 Nam

80 1234 178 1283 haec,
200 1248 288 1288 quae
316 1243 373 1274 ωε
390 1234 523 1274 habita
550 1235 598 1274 de
627 1234 887 1273 Universitate
905 1235 1024 1273 oratio
1044 1248 1066 1274 a
1084 1236 1209 1283 nobis,

81 1289 189 1328 haud
212 1302 388 1342 unquam
410 1298 507 1329 esset
532 1290 702 1337 inventa,
723 1290 756 1328 si
783 1302 909 1342 neque
928 1290 1064 1337 sidera,
1085 1303 1212 1342 neque

81 1345 154 1393 sol,
182 1357 308 1397 neque
333 1345 487 1392 coelum,
515 1346 588 1383 sub
613 1345 815 1383 oculorum
835 1344 1058 1396 adspectum
1079 1345 1211 1383 cadere

81 1398 305 1450 potuissent.
335 1399 456 1438 Nunc
469 1412 558 1438 vero
572 1399 652 1438 dies
671 1407 876 1450 noctesque
894 1398 1013 1437 oculis
1032 1399 1209 1450 ecguine,

81 1460 168 1491 tum
186 1453 379 1492 mensium
404 1465 673 1505 annorumque
698 1453 973 1500 conversiones,
995 1453 1043 1491 ad
1071 1466 1210 1491 nume-

82 1520 172 1546 rum
190 1507 418 1546 machinatae
437 1515 541 1556 sunt,
568 1515 607 1546 et
628 1508 796 1559 spatium
819 1507 1002 1558 temporis
1020 1508 1214 1546 demensae

83 1569 189 1611 sunt,
210 1571 248 1601 et
272 1561 323 1600 ad
347 1562 598 1614 quaestionem
624 1561 741 1600 totius
769 1569 918 1600 naturae
941 1562 1182 1614 impulerunt
1196 1576 1208 1600 :

83 1616 225 1668 quibus
253 1630 301 1655 ex
329 1618 442 1655 rebus
470 1616 755 1668 philosophiam
781 1616 911 1667 adepti
938 1629 1100 1655 sumus:
1132 1629 1214 1668 quo

81 1672 184 1710 bono
202 1671 359 1709 nullum
379 1670 601 1723 optabilius,
632 1671 788 1709 nullum
806 1671 1064 1723 praestantiuS,
1085 1683 1213 1723 neque

85 1725 221 1764 datum
241 1733 296 1764 est
314 1726 537 1765 mortalium
556 1725 686 1777 generi
704 1724 881 1765 Deorum
900 1738 1077 1765 concessu
1096 1734 1220 1778 atque

83 1791 258 1830 munere,
277 1793 403 1833 neque
420 1780 586 1819 dabitur.
605 1780 628 1801 ¹
659 1779 681 1801 ³
713 1779 736 1800 ³

422 1884 483 1922 M
480 1884 563 1923 ulta-
582 1883 870 1923 desiderantur.

141 2294 332 2348 (Philas.)
354 2305 462 2334 vor.
484 2305 548 2334 iv.
858 2297 882 2333 2
905 2306 935 2336 Q
