1470 2402
182 96 263 135 230
350 94 430 135 DE
460 93 726 144 OFFICIIS,
757 95 858 134 Lm.
880 94 915 134 1.
944 94 1053 135 Car.
1071 95 1137 134 26.

179 204 365 256 aliquem,
386 211 455 243 aut
473 204 598 244 verbis
616 203 789 256 castigat,
809 203 876 243 sed
888 202 939 242 ad
952 202 1186 256 reipublicae,
1200 203 1307 244 utili.

179 266 299 297 tatem
318 258 460 297 referri.

236 313 464 352 Cavendum
483 320 539 352 est
557 312 689 359 etiam,
710 325 760 351 ne
775 313 901 362 major
918 325 1032 365 poena
1055 324 1176 365 quam
1194 313 1309 365 culpa

180 368 253 413 sit;
285 375 322 406 et
341 380 403 416 ne,
424 367 560 406 iisdem
586 368 634 407 de
659 367 797 418 causis,
823 367 890 406 alii
914 368 1147 420 plectantur,
1166 367 1234 406 alii
1257 381 1308 407 ne

179 422 420 474 appellentur
439 421 610 474 quidem.

234 476 480 515 Prohibenda
505 484 636 515 autem
659 476 831 515 maxime
855 483 912 515 est
934 476 992 515 ira
1016 476 1058 514 in
1082 475 1306 528 puniendo.

178 543 381 582 nunquam
401 531 519 578 enim,
539 531 659 569 iratus
684 531 753 582 qui
777 530 930 570 accedet
953 531 1003 569 ad
1027 543 1197 593 poenam,
1222 543 1307 570 me-

179 585 417 624 diocritatem
442 585 552 623 illam
579 585 736 631 tenebit,
757 599 846 637 quae
870 594 926 624 est
949 585 1049 624 inter
1073 585 1242 624 nimium
1268 593 1307 624 et

178 652 344 691 parum3
381 651 486 691 quae
497 640 624 691 placet
651 639 941 691 Peripateticis;
974 646 1012 678 et
1038 647 1138 679 recte
1163 639 1304 691 placet,

178 694 294 732 modo
313 706 361 732 ne
379 694 582 733 laudarent
598 693 852 742 iracundiam,
873 702 911 732 et
934 693 1102 733 dicerent
1119 694 1266 732 utiliter
1283 706 1308 732 a

178 748 319 786 natura
350 748 494 786 datam.
543 749 620 787 Illa
652 761 740 787 vero
772 748 952 787 omnibus
981 749 1023 786 in
1050 750 1166 787 rebus
1192 761 1308 800 repu-

179 803 320 841 dianda
347 810 428 848 est;
464 803 827 864 optandumque,u
799 810 846 841 ut
871 803 914 851 ii,
943 803 1013 855 qui
1036 809 1208 855 praesunt
1234 802 1308 841 rei-

179 857 358 909 publicae,
387 857 519 906 legum
548 857 690 895 similes
718 857 809 905 sint,
839 871 941 909 quae,
971 857 1020 896 ad
1047 855 1306 910 puniendum,

179 924 255 949 non
274 911 486 957 iracundia,
508 911 574 950 sed
593 911 787 963 aequitate,
807 911 1013 950 ducuntur.

235 965 399 1003 XXVI.
430 966 567 1018 Atque
598 966 714 1004 etiam
743 967 784 1004 in
816 968 931 1005 rebus
958 965 1162 1018 prosperis,
1193 972 1231 1005 et
1257 964 1309 1004 ad

179 1020 418 1059 voluntatem
457 1028 627 1059 nostram
665 1020 888 1067 fluentibus,
928 1021 1163 1073 superbiam,
1202 1019 1310 1059 fasti-

179 1075 304 1120 dium,
326 1075 675 1126 arrogantiamque,
694 1087 927 1126 magnopere
944 1074 1153 1126 fugiamus.
1183 1075 1307 1120 Nam,

179 1135 224 1166 ut
242 1128 417 1166 adversas
436 1142 508 1175 res,
526 1129 579 1166 sic
598 1128 796 1176 secundas,
815 1129 1066 1167 immoderate
1083 1129 1194 1176 ferre,
1214 1129 1311 1167 levi-

180 1182 269 1221 tatis
289 1189 368 1221 est:
398 1183 658 1234 praeclaraque
676 1190 732 1221 est
755 1183 992 1234 aequabilitas
1016 1183 1058 1221 in
1081 1183 1190 1221 omni
1213 1183 1308 1231 vita,

180 1244 218 1275 et
236 1236 340 1275 idem
365 1249 514 1288 semper
539 1238 684 1285 vultus,
711 1236 923 1289 eademque
946 1237 1077 1283 frons;
1107 1245 1153 1275 ut
1171 1237 1220 1276 de
1238 1239 1310 1277 So-

179 1299 295 1338 crate,
315 1291 409 1328 item
428 1291 476 1329 de
496 1290 540 1329 C.
559 1291 695 1339 Laelio,
716 1292 943 1343 accepimus.
974 1292 1205 1343 Philippum
1223 1291 1311 1343 qui-

179 1345 284 1391 dem,
307 1344 570 1383 Macedonum
589 1358 734 1396 regem,
754 1347 868 1384 rebus
891 1346 1006 1397 gestis
1033 1354 1070 1384 et
1096 1345 1220 1396 gloria
1243 1359 1309 1384 su-

179 1407 359 1451 peratum
389 1412 412 1437 a
430 1399 524 1449 filio,
554 1399 735 1438 facilitate
754 1407 791 1438 et
807 1400 1049 1438 humanitate
1067 1400 1178 1438 video
1196 1413 1310 1452 supe-

179 1454 320 1492 riorem
351 1453 480 1492 fuisse.
526 1454 665 1506 Itaque
697 1455 792 1492 alter
821 1467 971 1506 semper
1002 1467 1182 1506 magnus,
1214 1454 1311 1493 alter

181 1521 281 1560 saepe
300 1508 544 1560 turpissimus
560 1507 662 1546 fuit:
690 1516 735 1547 ut
752 1516 851 1547 recte
869 1509 1074 1561 praecipere
1091 1509 1308 1557 videantur,

180 1563 249 1614 qui
268 1570 441 1611 monent,
461 1570 520 1610 ut,
542 1570 687 1615 quanto
714 1563 924 1614 superiores
949 1563 1084 1611 simus,
1110 1571 1218 1602 tanto
1240 1575 1311 1601 nos

179 1629 360 1668 geramus
378 1617 615 1656 submissius.
657 1618 853 1656 Panaetius
877 1617 1036 1670 quidem
1058 1617 1308 1667 Africanum,

180 1671 396 1710 auditorem
422 1679 459 1710 et
484 1671 713 1710 familiarem
738 1685 868 1720 suum,
889 1672 1061 1720 solitum,
1081 1672 1149 1719 ait,
1169 1671 1308 1720 dicere,

180 1732 225 1763 ut
244 1738 376 1777 equos,
396 1733 551 1778 propter
570 1728 718 1764 crebras
736 1727 994 1765 contentiones
1012 1726 1234 1778 proeliorum
1253 1726 1310 1764 fe-

180 1779 336 1818 rocitate
357 1781 607 1829 exsultantes,
635 1780 888 1820 domitoribus
912 1779 1061 1820 tradere
1084 1781 1244 1829 soleant,
1263 1787 1312 1819 ut

180 1833 240 1871 his
271 1834 507 1873 facilioribus
535 1834 682 1887 possint
711 1835 798 1882 uti;
839 1835 891 1874 sic
918 1835 1107 1883 homines,
1137 1834 1312 1874 secundis

181 1889 296 1926 rebus
323 1889 539 1936 effrenatos,
569 1889 717 1941 sibique
752 1889 1006 1941 praefidentes,
1040 1897 1241 1941 tamquam
1269 1889 1311 1927 in

180 1954 323 1993 gyrum
342 1943 498 1982 rationis
517 1951 554 1982 et
573 1943 755 1982 doctrinae
777 1944 867 1983 duci
891 1952 1078 1996 oportere,
1098 1950 1144 1982 ut
1167 1942 1314 2005 perspi-

181 2004 309 2034 cerent
340 2010 470 2036 rerum
506 1998 769 2037 humanarum
800 1998 1120 2069 imbecillitatem,
1153 1997 1314 2037 varieta-

182 2056 339 2101 temque
356 2052 533 2090 fortunae.

234 2104 385 2156 Atque,
412 2106 529 2144 etiam
553 2106 595 2145 in
622 2106 904 2146 secundissimis
921 2108 1050 2155 rebus,
1069 2106 1242 2145 maxime
1259 2112 1315 2146 est

181 2158 372 2197 utendum
402 2161 560 2199 consilio
590 2162 831 2208 amicorum3
865 2162 1003 2214 hisque
1029 2162 1155 2211 major
1181 2161 1312 2209 etiam,

182 2224 302 2263 quam
323 2221 426 2264 ante,
447 2215 651 2256 tribuenda
669 2216 886 2265 auctoritas.
929 2216 1152 2269 Iisdemque
1170 2223 1318 2268 tempo-
