1470 2402
297 123 376 163 DE
405 122 667 171 OFFICIIS,
689 122 789 161 LIB·
812 123 845 160 Ι.
868 123 972 162 CAP.
999 123 1059 161 19.
1160 123 1234 161 221

110 231 210 270 03115
239 239 277 270 01
304 231 513 279 laboribus,
533 230 565 269 si
583 230 733 280 justitia
755 238 876 292 vacat,
897 237 1134 290 pugnatque,
1154 241 1232 267 non

109 297 181 336 pro
199 285 322 324 salute
339 284 549 346 communi,
570 285 636 323 sed
653 297 723 336 pro
741 285 818 324 suis
837 284 1060 331 commodis,
1080 283 1122 320 in
1141 283 1233 321 vitio

108 346 178 376 est.
223 339 317 377 Non
342 339 448 377 enim
471 338 587 377 modo
605 339 646 376 id
665 338 814 377 virtutis
832 351 909 377 non
929 345 998 385 051,
1019 337 1086 375 5οᾱ
1102 337 1233 388 potius

107 391 373 442 immanitatis,
393 405 549 431 omnem
567 391 848 430 humanitatem
871 391 1100 443 repellentis.
1149 390 1230 428 Ita-

105 458 184 497 que
212 448 331 497 probe
362 446 547 484 definitur
579 460 603 484 a
627 445 764 485 Stoicis
791 446 990 494 fortitudo,
1023 457 1113 483 cum
1143 457 1228 482 eam

105 499 287 538 virtutem
317 512 397 538 esse
425 499 559 538 dicunt
589 506 899 551 propugnantem
926 511 998 550 pro
1034 497 1227 549 aequitate.

103 551 296 599 Quocirca
312 565 442 601 nemo,
469 553 538 604 qui
558 552 793 591 fortitudinis
814 552 978 604 gloriam
1004 558 1228 591 consecutus

103 613 160 643 est
183 606 331 644 insidiis
360 614 398 645 et
426 605 590 655 malitia,
627 605 783 644 laudem
819 613 875 644 aet
909 606 1097 657 adeptus·
1128 604 1228 642 nihil

102 659 208 698 enim
226 660 431 699 honestum
451 673 530 698 esse
540 667 678 711 potest,
695 658 799 711 quod
810 660 960 710 justitia
970 665 1089 698 vacet.
1119 658 1225 696 Prae-

100 712 251 752 clarum
279 713 404 775 igitur
427 714 600 752 Platonis
631 713 754 752 illud:
787 716 815 737 “
837 714 931 752 Non
959 713 1130 761 solum,”
1162 712 1224 750 in-

100 766 200 828 quit,
226 769 256 791 ‘4
275 768 444 816 scientia,
472 781 560 819 quae
578 775 635 807 est
651 774 797 806 remota
815 781 838 805 a
852 767 1017 817 justitia,
1037 765 1225 806 calliditas

98 821 227 871 potius
246 835 366 873 quam
384 821 570 873 sapientia
587 829 643 860 est
661 821 919 888 appellanda3
948 833 1084 860 verum
1106 820 1225 858 etiam

96 874 252 913 animus
269 883 424 927 paratus
442 875 492 913 ad
510 876 739 926 periculum,
756 875 788 913 si
807 889 877 914 sua
898 875 1119 937 cupiditate,
1144 885 1223 911 non

97 928 263 967 utilitate
281 929 480 968 communi
496 929 723 981 impellitur,
743 929 911 968 audaciae
928 930 1055 980 potius
1079 939 1224 966 nomen

95 980 250 1031 habeat,
267 996 385 1035 quam
397 983 673 1022 fortitudinis?
702 983 842 1034 Itaque
855 983 956 1021 viros
969 983 1097 1030 fortes,
1110 995 1222 1033 mag-

95 1036 288 1098 1133111105,
308 1037 460 1075 eosdem
485 1039 605 1075 bonos
631 1043 668 1075 et
697 1037 902 1088 simplices,
926 1037 1094 1076 veritatis
1123 1037 1221 1074 ami-

94 1101 173 1138 005,
194 1091 430 1155 minimeque
442 1090 610 1152 fallaces,
630 1103 709 1129 esse
722 1091 926 1130 volumus:
956 1104 1044 1143 quae
1062 1097 1152 1129 sunt
1171 1102 1219 1129 ex

95 1142 223 1182 media
239 1145 354 1184 laude
369 1145 539 1195 justitiae.

149 1198 228 1237 Sed
258 1198 358 1237 illud
386 1199 562 1237 odiosum
591 1205 660 1245 est,
681 1198 830 1250 quod,'
819 1212 860 1237 m
893 1198 965 1238 hac
994 1198 1157 1238 elatione
1181 1206 1220 1237 et

95 1252 362 1303 magnitudine
392 1253 527 1301 animi,
561 1253 742 1292 facillime
777 1253 987 1314 pertinacia
1023 1260 1061 1291 et
1096 1253 1219 1292 nimia

93 1305 283 1356 cupiditas
300 1307 535 1358 principatus
552 1307 773 1345 innascitur.
803 1308 861 1346 Ut
878 1307 983 1345 enim
1001 1307 1106 1358 apud
1126 1308 1219 1345 Pla-

94 1365 224 1398 tonem
253 1369 322 1409 est,
342 1373 499 1399 omnem
528 1359 716 1413 [morem]
746 1361 1131 1399 Lacedaemoniorum
1156 1361 1217 1399 in-

93 1411 338 1452 flammatum
356 1428 435 1453 3550
454 1415 662 1476 cupiditate
680 1415 881 1460 vincendi3
913 1415 979 1462 sic,
993 1422 1039 1453 ut
1052 1415 1217 1476 quisque

92 1466 215 1505 animi
250 1469 518 1520 magnitudine
546 1469 719 1507 maxime
755 1469 921 1516 excellit,
953 1469 1010 1507 ita
1044 1470 1217 1508 maxime

91 1520 177 1558 vult
196 1522 373 1574 princeps
391 1523 582 1571 omnium,
602 1523 664 1561 vel
681 1523 809 1574 potius
823 1523 940 1572 solus,
962 1535 1053 1562 esse.
1096 1523 1214 1561 Diffi-

90 1573 162 1612 0110
186 1582 318 1614 autem
349 1583 420 1624 est,
440 1589 530 1614 cum
557 1583 735 1627 praestare
759 1577 939 1615 omnibus
952 1577 1212 1638 concupieris,

89 1640 238 1667 servare
250 1630 485 1680 aequitatem,
501 1644 589 1681 quae
607 1637 663 1668 est
677 1630 838 1679 justitiae
856 1630 1028 1669 maxime
1045 1631 1213 1682 propria.

89 1679 156 1719 Ex
175 1695 253 1732 quo
275 1683 333 1732 fit,
353 1690 398 1722 ut
415 1696 540 1735 neque
557 1684 828 1747 disceptatione
846 1684 948 1723 vinci
966 1697 1023 1745 50,
1040 1696 1111 1723 nec
1131 1685 1214 1722 ullo

87 1736 244 1785 publico
275 1749 321 1775 30
349 1737 523 1788 1081111110
551 1738 653 1787 jure,
687 1738 906 1788 patiantur.
945 1738 1212 1790 exsistuntque

87 1789 130 1826 in
148 1790 346 1841 republica
362 1791 591 1842 plerumque
607 1791 804 1842 1318110105
823 1799 861 1830 01
877 1791 1039 1853 factiosi,
1059 1798 1104 1829 ut
1121 1805 1213 1843 opes

85 1855 208 1894 quam
221 1844 412 1883 maximas
430 1852 725 1911 consequantur,
746 1852 783 1883 et
803 1845 880 1883 sint
896 1845 935 1883 vi
952 1845 1080 1897 potius
1098 1859 1211 1897 supe-

86 1897 217 1946 riores,
250 1911 369 1949 quam
384 1898 535 1949 justitia
552 1912 674 1950 pares.
703 1899 794 1948 Sed,
814 1912 892 1950 quo
910 1899 1117 1948 difficilius,
1137 1900 1211 1938 hoc

87 1952 334 2002 praeclarius.
365 1953 520 1991 nullum
546 1960 602 1991 est
625 1953 729 1991 enim
747 1961 917 2005 tempus,
937 1953 1043 2005 quod
1056 1953 1210 2003 justitia

85 2017 220 2044 vacare
237 2005 386 2045 debeat.

140 2059 275 2098 Fortes
291 2060 411 2112 igitur
425 2069 463 2100 et
479 2060 722 2113 magnanimi
733 2068 823 2100 sunt
832 2060 1015 2110 habendi,
1030 2074 1123 2110 non,
1140 2061 1210 2113 qui

84 2112 244 2162 faciunt,
265 2115 331 2153 sed
349 2116 418 2177 qui
436 2116 706 2168 propulsant,
694 2115 889 2165 mjuriam.
907 2116 1012 2154 Vera
1029 2123 1159 2154 autem
1173 2122 1212 2154 et

86 2167 236 2218 sapiens
246 2169 368 2208 animi
385 2171 614 2232 magnitudo
631 2171 835 2209 honestum
853 2170 967 2219 illud,
981 2170 1086 2222 quod
1099 2183 1140 2208 m
1142 2183 1212 2207 ax-

14 2230 16 2243 *
86 2220 164 2261 ime
182 2226 321 2264 331313
337 2225 525 2276 sequitur,
537 2224 580 2265 in
599 2225 707 2264 factis
725 2237 808 2276 posi
795 2224 910 2273 itum,
925 2236 1003 2263 non
1018 2225 1058 2263 in
1073 2223 1210 2275 gloria,

799 2280 886 2315 13
