1470 2402
297 420 376 473 M.
398 420 651 474 TULLII
689 421 1076 475 CICERONIS

411 548 470 613 T
506 548 538 608 Ι
577 548 651 609 Μ
681 550 766 611 AE
805 551 865 612 U
905 551 964 622 S,

649 696 738 724 SEU

310 794 419 847 DE
455 793 1075 850 UNIVERSITATE.
1102 816 1104 819 ’

515 920 855 971 (Fragmentum.)

604 1080 789 1118 -Φ-

176 1222 212 1261 1.
242 1219 426 1261 MULTA
445 1227 534 1260 sunt
546 1235 568 1260 a
584 1221 709 1270 nobis,
726 1228 762 1260 et
773 1221 814 1259 in
832 1222 861 1244 “
875 1221 1147 1262 Academicis'’
1161 1236 1251 1263 con-

122 1277 265 1328 scripta
295 1284 426 1315 contra
457 1276 648 1328 physicos,
688 1283 724 1315 et
752 1289 852 1327 saepe
881 1289 971 1315 cum
997 1277 1043 1315 P.
1076 1278 1252 1340 Nigidio,

122 1330 345 1370 Carneadeo
363 1343 469 1369 more
488 1338 524 1368 et
542 1331 672 1380 modo,
694 1330 898 1382 disputata„
947 1331 1039 1370 Fuit
1065 1333 1169 1370 enim
1193 1333 1251 1371 vir

121 1384 205 1434 ille,
233 1398 323 1423 cum
349 1384 491 1423 caeteris
516 1385 676 1434 artibus,
697 1399 785 1437 quae
811 1385 968 1436 quidem
987 1386 1114 1437 dignae
1133 1387 1253 1425 libero

122 1447 262 1488 essent,
282 1447 439 1477 ornatus
457 1440 652 1487 omnibus,
674 1446 758 1477 tum
774 1452 858 1477 acer
872 1439 1117 1491 investigator
1136 1448 1174 1478 et
1195 1441 1253 1478 di-

118 1493 242 1544 ligens
273 1506 406 1531 earum
435 1506 564 1530 rerum
583 1507 671 1544 quae
696 1507 718 1531 a
740 1493 878 1531 natura
902 1493 1085 1532 involutae
1113 1494 1246 1532 viden-

121 1553 199 1585 tur.
239 1546 422 1598 Denique
441 1547 493 1585 sic
511 1547 657 1596 judico,
677 1554 764 1598 post
780 1547 866 1585 illos
885 1548 1031 1585 nobiles
1051 1548 1249 1600 Pythago-

121 1614 220 1649 reos,
241 1614 408 1653 quorum
431 1601 632 1652 disciplina
651 1601 837 1639 exstincta
860 1609 915 1639 est
943 1602 1245 1653 quodammodo,

122 1668 214 1694 cum
246 1655 393 1707 aliquot
420 1656 558 1693 saecula
589 1656 631 1693 in
658 1655 775 1693 Italia
805 1655 1013 1707 Siciliaque
1049 1656 1245 1707 viguisset,

121 1709 227 1748 hunc
247 1709 446 1757 exstitisse,
467 1709 536 1760 qui
554 1709 663 1747 illam
680 1716 890 1748 renovaret.
939 1709 1023 1757 Qui
1049 1723 1139 1748 cum
1168 1724 1245 1760 me,

123 1764 166 1802 in
183 1763 360 1803 Ciliciam
373 1763 668 1815 proficisentem,
688 1763 836 1815 Ephesi
850 1763 1153 1815 exspectavisset,
1168 1765 1250 1803 Ro-

119 1831 228 1856 mam
243 1831 290 1856 ex
308 1818 498 1869 legatione
516 1818 597 1869 ipse
615 1817 799 1856 decedens
815 1831 827 1863 ;
858 1818 1095 1869 venissetque
1114 1819 1248 1858 eodem

120 1872 340 1924 Mitylenis,
362 1872 440 1910 mei
458 1872 650 1910 salutandi
669 1880 705 1910 et
720 1871 866 1910 visendi
880 1872 1007 1919 causa,
1022 1872 1243 1924 Cratippus,

124 1926 468 1988 Peripateticorum
487 1926 678 1974 omnium,
699 1939 794 1977 quos
814 1925 971 1977 quidem
995 1938 1065 1976 ego
1091 1927 1248 1965 audive-

119 1980 211 2027 rim,
238 1993 325 2018 meo
342 1980 488 2030 judicio
505 1980 616 2018 facile
634 1980 838 2031 princeps;
867 1980 1097 2031 perlibenter
1116 1988 1153 2018 et
1172 1981 1247 2020 Ni-

120 2034 274 2086 gidium
304 2033 397 2081 vidi,
431 2041 467 2072 et
498 2034 727 2085 Cratippum
760 2034 932 2084 cognovi.
979 2034 1043 2072 Ac
1073 2034 1246 2085 primum

116 2088 275 2140 quidem
301 2095 454 2140 tempus
485 2087 790 2136 salutationibus,
819 2088 1014 2140 reliquum
1039 2095 1238 2140 perconta-

121 2143 240 2193 tione,
257 2142 550 2182 consumsimus.
568 2142 591 2163 “
606 2141 628 2162 “
646 2141 668 2162 ¹*

523 2218 680 2256 Desunt
706 2217 842 2275 multa.
