1470 2402
205 108 256 152 78
311 111 388 151 DE
408 115 822 164 DIVINATIONE,
844 115 1017 155 huz-II.
1037 116 1144 157 ΟΜ».
1157 116 1226 156 32.

219 220 375 272 quidem
400 235 478 261 esse
501 222 656 272 falsum,
682 232 727 262 ut
750 224 1033 275 circumligatus
1050 224 1166 263 fuerit
1183 223 1327 275 angui:

222 274 301 316 sed,
320 283 365 312 ut
382 277 423 313 in
442 278 549 315 cunis
565 252 679 315 fuerit
697 277 845 328 anguis,
865 290 942 315 non
956 285 1036 317 tam
1050 286 1105 317 est
1117 279 1277 327 mirum,
1291 278 1334 315 in

224 329 379 368 Solonio
399 331 623 381 praesertim,
642 332 711 369 ubi
735 332 785 369 ad
807 332 936 370 focum
961 345 1103 383 angues
1127 331 1335 370 nundinari

225 382 358 421 solent.
403 384 522 430 Nam,
549 385 652 436 quod
678 385 894 436 haruspices
919 386 1206 438 responderunt,
1234 384 1334 423 1111111

224 435 293 473 1110
312 437 463 482 01311115,
482 426 579 476 nihil
596 439 762 477 nobilius
779 438 885 484 fore3
909 440 1040 487 miror,
1060 440 1188 478 Deos
1177 451 1336 476 immor-

226 490 320 527 tales
349 491 521 529 histrioni
550 492 681 530 futuro
705 467 912 530 claritatein
941 494 1158 543 ostendisse,
1186 492 1336 530 nullam

227 545 432 582 ostendisse
446 545 641 584 Africano.

280 598 415 649 Atque
429 599 543 636 etiam
557 613 580 637 a
593 607 630 637 te
644 599 887 637 Flaminiana
904 607 1050 638 ostenta
1067 600 1222 638 collecta
1234 606 1337 647 sunt,

229 652 333 703 quod
346 652 439 702 ipse,
455 660 492 690 et
506 666 626 703 equus
641 654 722 702 ejus
735 661 888 704 repente
902 654 1113 692 conciderit.
1143 654 1235 692 Non
1250 665 1340 691 sane

230 705 404 743 mirabile
422 707 493 743 hoc
512 706 680 757 quidem.
714 706 831 753 Quod
850 707 960 744 evelli
977 707 1091 758 primi
1109 707 1248 745 hastati
1265 706 1341 757 sig-

231 771 328 796 num
347 771 422 796 non
443 760 621 810 potuerit,
641 759 774 797 timide
793 759 948 798 fortasse
966 761 1121 811 signifer
1139 761 1338 807 evellebat,

233 813 337 863 quod
361 812 519 851 fidenter
542 814 728 851 infixerat.
764 814 870 851 Nam
896 814 1074 865 Dionysii
1094 827 1228 865 equus,
1248 813 1344 865 quid

235 867 363 904 attulit
378 867 649 913 admirationis„
666 867 768 917 quod
783 867 934 905 emersit
947 881 995 905 ex
1012 868 1198 906 flumine?
1221 867 1344 918 quod-

235 933 310 971 que
321 920 455 957 habuit
468 934 555 971 apes
569 921 608 957 in
618 921 739 970 juba?
761 921 849 967 Sed,
863 921 954 972 quia
965 922 1071 959 brevi
1082 929 1251 973 tempore
1260 934 1345 971 reg-

234 986 325 1012 nare
339 975 463 1024 coepit,
484 974 587 1024 quod
605 974 788 1012 acciderat
806 987 908 1019 casu,
929 975 1008 1012 vim
1026 975 1161 1013 habuit
1177 975 1327 1013 ostenti,

289 1027 348 1064 At
375 1028 673 1065 Lacedzemoniis
696 1028 736 1064 in
762 1027 941 1066 Herculis
965 1028 1054 1066 fano
1079 1041 1186 1066 arma
1209 1041 1346 1067 sonue-

235 1090 352 1126 runt,
342 1095 351 1104 ·
382 1081 627 1132 ejusdemoue
652 1081 727 1118 Dei
749 1081 895 1119 Thebis
912 1082 1031 1119 valvae
1049 1083 1199 1130 clausae,
1220 1081 1346 1120 subito

237 1148 276 1172 se
305 1144 558 1186 aperuerunt:
599 1148 718 1185 eaque
745 1142 863 1182 scuta,
893 1148 979 1186 quae
1005 1135 1156 1173 fuerant
1182 1135 1347 1173 sublime

236 1189 329 1235 fixa,
347 1196 435 1226 sunt
452 1189 563 1225 humi
581 1189 744 1225 inventa.
786 1188 940 1226 Horum
959 1201 1047 1226 cum
1065 1188 1146 1227 fieri
1163 1188 1261 1226 nihil
1279 1201 1348 1249 po-

235 1242 352 1279 tuerit
377 1242 457 1279 sine
486 1242 614 1292 aliquo
641 1249 763 1288 motu,
789 1242 884 1292 quid
909 1249 977 1288 est,
1005 1255 1072 1280 cur
1100 1242 1282 1280 divinitus
1304 1255 1349 1280 03

236 1296 364 1348 potius
385 1308 501 1346 quam
521 1308 607 1333 casu
627 1296 726 1333 facta
744 1308 821 1333 esse
839 1295 1033 1334 dicamus.
1024 1298 1041 1323 ²

291 1349 478 1387 XXXII.
511 1349 570 1387 At
596 1350 637 1386 in
663 1348 853 1400 Lysandri
880 1356 1013 1387 statuae
1039 1349 1159 1401 capite
1186 1348 1350 1400 Delphis

238 1403 382 1440 exstitit
407 1415 543 1440 corona
568 1416 614 1440 ex
640 1403 779 1453 asperis
803 1402 943 1450 herbis,
971 1410 1008 1440 et
1033 1403 1188 1454 quidem
1211 1403 1348 1441 subita.

239 1457 350 1494 Itane
378 1469 518 1503 censes,
543 1465 630 1494 ante
655 1468 831 1494 coronam
856 1457 983 1494 herbae
1007 1457 1205 1505 exstitisse,
1232 1469 1352 1508 quam

239 1516 464 1560 conceptum
497 1523 574 1547 esse
602 1511 760 1547 semen?
805 1509 978 1547 Herbam
1006 1518 1135 1548 autem
1162 1523 1349 1561 asperam,

240 1563 364 1609 credo,
381 1563 509 1600 avium
524 1572 717 1613 congestu,
734 1575 810 1600 non
824 1563 993 1601 humano
1008 1572 1103 1601 satu.
1130 1564 1158 1601 J
1161 1576 1224 1601 am
1238 1564 1351 1615 quid-

239 1617 335 1668 quid
365 1617 406 1654 in
425 1617 554 1667 capite
584 1625 651 1665 est,
680 1617 720 1654 id
747 1630 893 1654 coronae
922 1617 1044 1655 simile
1070 1617 1189 1655 videri
1214 1625 1350 1668 potest.

239 1671 361 1716 Nam,
382 1670 485 1721 quod
506 1670 637 1707 eodem
655 1678 824 1731 tempore
842 1671 967 1708 stellas
981 1684 1112 1709 aureas
1131 1670 1296 1709 Castoris
1315 1677 1353 1709 et

238 1724 421 1771 Pollucis,
435 1724 598 1774 Delphis
609 1724 761 1774 positas,
775 1724 967 1771 decidisse,
980 1737 1104 1785 neque
1116 1736 1176 1761 eas
1188 1737 1353 1775 usquam

240 1786 404 1828 repertas
423 1790 513 1823 esse,
534 1777 687 1820 dixist13
710 1777 841 1814 furum
860 1777 900 1815 id
916 1778 1039 1828 magis
1057 1777 1216 1823 factum,
1232 1790 1351 1828 quam

240 1831 430 1877 Deorum,
462 1831 621 1868 uidetur.
665 1831 795 1869 Simiae
826 1844 914 1868 vero
946 1831 1141 1868 Dodoneae
1169 1831 1352 1881 improbi-

240 1892 358 1922 tatem
377 1884 540 1922 historiis
557 1885 698 1922 Graecis
711 1884 931 1922 mandatam
947 1897 1025 1922 esse
1039 1884 1214 1921 demiror.
1243 1883 1352 1931 Quid

239 1939 369 1975 minus
400 1938 558 1984 mirum,
592 1951 710 1988 quam
742 1938 849 1975 illam
876 1938 1235 1975 monstrosissimam
1267 1940 1352 1975 bes-

239 1992 333 2029 tiam
353 2004 490 2028 urnam
510 1992 694 2038 evertisse,
716 2000 830 2028 sortes
848 1991 1109 2042 dissipavisse?
1138 1991 1192 2028 Et
1209 1998 1351 2041 negant

239 2045 419 2091 historici,
442 2044 738 2082 Lacedaemoniis
757 2045 882 2081 ullum
901 2052 1090 2082 ostentum
1109 2044 1181 2081 hoc
1207 2044 1350 2082 tristius

239 2098 442 2137 accidisse!
486 2098 591 2135 Nam
620 2098 687 2135 illa
715 2098 894 2148 praedicta
923 2098 1160 2142 Veientium,
1187 2098 1218 2134 si
1245 2098 1351 2135 lacus

237 2154 417 2198 Alb-anus
441 2151 699 2195 redundasset,
726 2152 834 2202 isque
858 2152 898 2188 in
925 2164 1029 2189 111310
1056 2151 1240 2198 fluxisset,
1269 2151 1352 2188 Ro-

236 2219 344 2244 mam
363 2205 594 2256 perituram3
626 2205 657 2242 si
676 2218 864 2256 repressus
883 2213 990 2252 esset,
1011 2204 1152 2250 Veios;
1179 2204 1232 2242 ita
1250 2217 1350 2255 aqua
