1470 2402
375 89 455 130 DE
483 87 867 136 OFFICIIS‚L1B.
889 89 924 127 1.
946 87 1052 127 off.
1073 89 1112 126 4.
1219 65 1303 127 ⁴203

186 200 289 240 enim
308 199 447 245 solum,
459 204 592 236 utrum
609 197 813 236 honestum
831 208 880 235 an
898 203 1010 248 turpe
1027 196 1090 244 sit,
1106 195 1306 235 deliberari

188 255 297 303 solet,
325 253 392 292 sed
414 253 544 300 etiam,
570 252 721 290 duobus
745 251 944 303 propositis
969 251 1149 299 honestis,
1172 258 1305 289 utrum

190 308 386 348 honestius
405 321 418 352 3
457 307 641 357 itemque,
686 305 836 344 duobus
875 305 1084 356 praepositis
1132 305 1305 350 utilibus,

190 370 324 402 utrum
342 361 486 399 utilius.
529 361 606 407 Ita,
626 372 745 410 quam
769 360 834 397 ille
853 359 1040 409 triplicem
1059 360 1208 410 putavit
1228 372 1306 397 esse

189 417 390 463 rationem,
410 415 452 452 in
473 413 644 466 quinque
669 422 794 464 partes
813 413 988 451 distribui
1013 413 1148 451 debere
1167 414 1306 464 reperi-

189 479 264 510 tur.
307 470 488 508 Primum
511 468 630 519 igitur
656 476 711 505 est
735 467 782 505 de
806 466 978 514 honesto,
999 467 1064 505 sed
1089 467 1304 518 dupliciter,

187 533 276 564 tum
292 524 377 576 pari
401 523 546 562 ratione
571 521 618 561 de
641 521 743 571 utili,
763 529 849 575 post
873 521 921 559 de
944 522 1225 573 comparatione
1243 534 1307 560 eo-

184 592 290 626 rum,
308 577 582 616 disserendum.

242 633 319 672 IV.
349 632 557 683 Principio,
577 630 707 682 generi
725 629 980 669 animantium
998 629 1105 668 omni
1124 638 1179 668 est
1197 643 1221 668 a
1237 642 1308 668 naa

193 687 282 726 tura
298 687 504 735 tributum,
524 693 568 724 ut
592 699 645 733 se,
666 685 799 733 vitam,
821 697 1032 736 corpusque
1053 692 1220 732 tueatur,
1241 684 1307 722 de-

187 742 381 793 clinetque
411 754 468 789 ea,
500 753 588 792 quae
616 740 789 778 nocitura
819 739 1033 786 videantur,
1065 752 1229 790 quaeque
1258 737 1307 776 ad

189 795 399 835 vivendum
417 795 493 833 sint
509 794 730 842 necessaria,
751 793 929 845 anquirat
947 801 984 831 et
1001 800 1122 844 paret,
1150 801 1194 830 ut
1221 805 1309 844 pas-

188 857 290 899 tum,
306 858 351 888 ut
368 849 543 895 latibula,
559 856 604 888 ut
622 848 697 886 alia
715 848 887 898 ejusdem
903 847 1062 898 generis.
1092 847 1310 886 Commune

189 905 284 943 item
307 903 564 942 animantium
580 903 757 941 omnium
782 910 838 940 est
865 901 1141 951 conjunctionis
1163 901 1311 953 appeti-

191 966 268 1006 tus,
295 958 517 1010 procreandi
541 957 670 1005 causa,
698 964 736 995 et
760 969 850 994 cura
876 955 1053 1007 quaedam
1073 968 1205 994 eorum
1225 968 1311 1007 quae

189 1020 384 1065 procreata
402 1019 502 1050 sunt.
537 1011 628 1059 Sed,
648 1011 746 1049 inter
763 1009 961 1048 hominem
980 1017 1017 1048 et
1034 1010 1220 1057 belluam,
1240 1009 1312 1048 hoc

191 1067 362 1105 maxime
378 1066 547 1114 interest,
568 1065 673 1117 quod
695 1064 779 1103 haec
802 1071 968 1113 tantum,
990 1072 1180 1116 quantum
1200 1076 1311 1102 sensu

190 1128 381 1170 movetur,
402 1121 451 1159 ad
468 1119 509 1158 id
527 1120 667 1167 solum,
688 1118 792 1171 quod
811 1119 929 1167 adest,
951 1118 1131 1170 quodque
1148 1131 1312 1170 praesens

193 1183 264 1224 eet,
295 1189 335 1214 se
366 1174 642 1222 accommodat,
672 1172 878 1226 paululum
907 1173 1118 1212 admodum
1149 1173 1312 1211 sentiens

192 1230 444 1282 praeteritum,
464 1237 532 1267 aut
547 1229 737 1267 futurum.
767 1227 900 1266 Homo
914 1235 1044 1266 autem
1059 1227 1181 1278 (quod
1199 1226 1312 1265 ratio-

190 1285 251 1324 nis
269 1291 325 1323 aet
340 1284 542 1336 particeps,
561 1295 630 1335 per
644 1295 762 1334 quam
782 1283 1051 1333 consequentia
1069 1281 1202 1329 cernit,
1222 1293 1311 1320 cau-

190 1352 250 1378 sas
263 1351 393 1378 rerum
406 1339 529 1385 videt3
550 1350 759 1389 earumque
772 1349 1005 1388 progressus,
1026 1343 1064 1374 et
1081 1336 1193 1388 quasi
1206 1343 1311 1373 ante-

189 1393 390 1442 cessiones,
402 1406 480 1432 non
491 1393 642 1444 ignorat
655 1405 667 1437 ς
689 1391 957 1429 similitudines
972 1398 1180 1441 comparat,
1202 1398 1239 1428 et
1254 1402 1314 1428 re-

192 1447 266 1487 bus
283 1448 532 1500 prementibus
549 1446 727 1498 adjungit
745 1453 861 1498 atque
885 1445 1052 1484 annectit
1068 1444 1234 1491 futuras)
1254 1444 1313 1482 sap

195 1503 268 1542 cile
287 1503 401 1541 totius
419 1502 508 1541 vitae
531 1513 687 1540 cursum
704 1500 822 1548 videt,
843 1499 893 1537 ad
918 1511 1080 1551 aemque
1098 1498 1312 1549 degendam

195 1564 384 1608 praeparat
401 1569 461 1595 πω
477 1555 713 1594 necessarias.
741 1553 969 1605 Eademque
987 1560 1125 1591 natura
1142 1552 1181 1590 vi
1198 1552 1313 1589 ratio-

195 1611 255 1648 nis
272 1611 468 1649 hominem
487 1610 661 1649 conciliat
679 1608 841 1654 homini,
863 1616 899 1646 et
924 1607 974 1646 ad
997 1606 1177 1645 orationis
1202 1613 1240 1643 et
1264 1605 1314 1643 ad

196 1664 284 1703 vitae
302 1665 517 1703 societatem
531 1678 544 1702 ε
573 1664 846 1714 ingeneratque
864 1662 905 1699 in
922 1661 1056 1713 primis
1074 1660 1314 1711 praecipuum

190 1718 398 1770 quemdam
414 1730 584 1756 amorem
601 1718 643 1754 in
662 1730 725 1755 eos
743 1717 811 1768 qui
829 1716 1015 1767 procreati
1029 1722 1144 1759 sunt3
1174 1714 1312 1765 impel-

187 1772 323 1824 litque,
334 1780 382 1811 ut
397 1772 601 1811 hominum
619 1778 738 1810 coetus
750 1770 808 1820 [et
825 1769 1092 1808 celebrationes
1106 1768 1220 1820 esse,]
1243 1777 1280 1806 et
1292 1781 1317 1805 a

189 1840 229 1866 se
239 1827 351 1874 obiri,
364 1827 477 1873 velit3
497 1828 546 1864 ob
558 1838 696 1877 easque
711 1837 840 1863 causae
852 1823 1000 1862 studoet
1013 1835 1147 1874 parare
1160 1835 1218 1869 ea,
1229 1836 1317 1874 quae

195 1881 441 1933 suppeditent
459 1888 497 1920 et
514 1880 564 1918 ad
582 1880 730 1918 cultum
750 1888 787 1917 et
804 1878 854 1916 ad
871 1878 1042 1923 victum3
1060 1889 1129 1915 nec
1142 1876 1214 1914 sibi
1229 1876 1313 1924 soli,

196 1936 262 1974 sed
285 1936 453 1987 conjugi,
478 1934 621 1983 liberis,
648 1933 880 1984 caeterisque,
909 1944 1006 1983 quos
1030 1943 1134 1970 caros
1158 1930 1313 1977 habeat,

195 1990 371 2042 tuerique
389 1990 535 2028 debeat.
564 1988 667 2036 Quae
684 2000 775 2025 cura
793 1986 997 2025 exsuscitat
1015 1986 1130 2024 etiam
1148 1985 1312 2033 animos,

193 2052 234 2084 et
249 2046 412 2094 majores
429 2044 479 2082 ad
496 2056 578 2082 rem
596 2041 803 2094 gerendam
819 2041 923 2079 facit.

191 2126 194 2128 ,
248 2099 299 2136 In
316 2098 525 2150 primisque
547 2097 716 2136 hominis
738 2103 794 2134 est
819 2095 973 2147 propria
998 2094 1078 2132 veri
1100 2092 1312 2145 inquisitio,

195 2160 313 2204 atque
339 2152 592 2204 investigatio.
634 2152 787 2202 Itaque,
816 2161 906 2188 cum
936 2160 1070 2188 sumus
1096 2147 1314 2186 necessariis

196 2207 356 2259 negotiis
373 2207 548 2260 curisque
572 2205 697 2257 vacui,
716 2213 802 2245 tum
827 2216 983 2245 avemus
1002 2202 1148 2256 aliquid
1166 2201 1308 2248 videre,
