1470 2402
451 59 704 100 TIMAEUs.
737 59 846 99 ΕΜ».
884 58 945 97 10.
1183 60 1262 100 439

133 169 313 208 bifariam
339 169 524 208 contrarie
552 170 668 208 simul
685 168 927 221 procedentia
954 167 1181 216 efficiebant,
1201 178 1261 216 ut,

135 224 241 276 quod
260 232 358 263 esset
382 224 658 271 tardissimum,
679 224 719 262 id
744 223 967 276 proximum
987 223 1094 261 fieret
1114 223 1264 262 celerri-

134 291 214 317 mo.
243 278 389 331 Atque,
409 286 454 316 ut
473 286 571 317 esset
590 291 770 316 mensura
788 277 966 330 quaedam
987 277 1153 324 evidens,
1175 291 1264 329 quae

134 331 176 370 in
195 333 276 372 istis
304 341 388 372 octo
407 334 580 371 cursibus
608 333 815 371 celeritates
841 332 1111 383 tarditatesque
1139 332 1264 370 decla-

135 395 249 435 raret,
285 387 395 426 Deus
428 387 508 439 ipse
537 388 671 435 solem,
699 387 810 439 quasi
837 387 985 433 lumen,
1016 386 1186 425 accendit
1214 386 1264 424 ad

136 442 350 480 secundum
373 456 488 494 supra
508 450 648 481 terram
668 441 874 487 ambitum,
895 449 938 479 ut
958 454 1077 493 quam
1092 440 1263 479 maxime

134 497 274 534 coelum
311 497 491 534 omnibus
527 496 742 543 colluceret,
781 495 1086 547 animantesque,
1121 495 1264 547 quibus

137 548 240 602 [jus]
264 559 360 590 esset
379 550 518 598 doceri,
548 552 596 588 ab
617 550 788 599 ejusdem
807 557 932 596 motu,
960 557 997 588 et
1016 551 1064 588 ab
1094 562 1137 587 eo
1157 549 1263 601 quod

136 604 262 643 simile
282 614 392 651 esset,
413 617 664 644 numerorum
685 612 864 642 naturam
884 617 1040 655 vunque
1061 616 1263 655 cognosce-

135 666 232 697 rent.
264 660 357 698 Nox
376 660 494 711 igitur
515 667 551 697 et
570 659 663 697 dies.
685 659 733 697 ad
748 658 852 697 hunc
871 658 1047 705 modum,
1069 666 1106 696 et
1104 636 1173 696 nob
1193 658 1263 697 has

134 723 315 764 generata
333 727 479 760 causas,
499 726 624 751 unum
638 699 839 752 circuitum
860 713 962 751 orbis
981 712 1095 751 efficit
1113 711 1263 764 sapien-

133 768 328 810 tissimum
359 776 474 821 atque
504 769 724 820 optimum:
756 767 897 806 mensis
925 775 1070 814 autem,
1105 766 1261 819 quando

132 821 240 871 luna,
271 823 430 861 lustrato
450 836 519 861 suo
543 835 670 868 cursu,
701 822 820 860 solem
849 831 1049 860 consecuta
1077 830 1157 860 est:
1191 834 1261 859 an·-

133 888 223 924 nus,
243 877 312 919 ubi
337 878 393 915 sol
421 890 534 915 suum
567 884 691 915 totum
721 876 882 916 confecit
901 884 938 914 et
955 876 1172 928 peragravit
1199 889 1260 914 or-

133 932 237 969 bem.
265 931 500 970 Caeterorum
520 939 649 970 autem
665 930 834 969 siderum
854 931 1023 969 ambitus
1042 931 1260 981 ignorantes

132 985 322 1034 homines,
351 994 488 1038 praeter
512 985 723 1024 admodum
751 997 907 1036 paucos,
928 997 1053 1037 neque
1075 983 1258 1037 [nomen]

132 1040 342 1091 appellant,
377 1054 502 1092 neque
538 1041 637 1078 inter
679 1053 717 1078 se
749 1052 910 1078 numero
948 1039 1262 1079 commetiuntur.

133 1092 272 1146 Itaque
290 1095 480 1142 nesciunt,
511 1095 580 1133 hos
599 1093 768 1132 siderum
798 1107 940 1132 errores
957 1093 997 1131 id
1015 1094 1144 1145 ipsum
1165 1106 1261 1142 esse,

133 1149 238 1200 quod
257 1149 327 1188 rite
346 1150 485 1188 dicitur
504 1157 671 1200 tempus,
691 1147 942 1186 multitudine
953 1148 1119 1196 infinita,
1141 1148 1261 1187 varie-

133 1210 211 1241 tate
240 1204 458 1249 admirabili
476 1203 666 1255 praeditos.
698 1203 884 1243 Attamen
912 1202 1011 1241 illud
1036 1203 1199 1254 perspici
1224 1210 1263 1242 et

131 1257 296 1309 intelligi
314 1266 452 1310 potest,
473 1258 648 1296 absoluto
666 1258 910 1309 perfectoque
929 1269 1091 1295 numero
1110 1264 1261 1309 tempo-

132 1312 198 1359 ris,
218 1313 439 1357 absolutum
468 1313 757 1365 perfectumque
785 1323 931 1358 annum
960 1319 1053 1349 tunc
1078 1311 1264 1364 compleri

132 1365 313 1418 denique,
343 1380 432 1410 cum
461 1381 499 1406 se
527 1374 612 1406 octo
631 1367 813 1414 ambitus,
841 1365 1021 1404 confectis
1040 1365 1117 1404 suis
1143 1365 1263 1405 cursi-

133 1422 221 1467 bus,
241 1421 289 1460 ad
308 1422 412 1463 idem
431 1429 546 1473 caput
564 1422 792 1467 retulerunt,
813 1432 981 1470 cumque
1001 1433 1062 1458 eos
1081 1432 1262 1470 permen-

134 1488 198 1514 sus
217 1483 273 1514 est
290 1475 408 1523 idem,
430 1484 467 1514 et
485 1488 635 1526 semper
654 1475 713 1513 sui
728 1473 877 1521 similis,
898 1473 1010 1512 orbis.
1042 1473 1128 1512 Has
1142 1474 1262 1525 igitur

133 1531 182 1568 ob
212 1543 344 1570 causas
377 1538 468 1568 nata
493 1536 595 1567 astra
624 1536 728 1574 sunt,
757 1541 859 1580 quae,
889 1541 957 1579 per
985 1528 1123 1566 coelum
1142 1540 1261 1579 pene-

131 1585 286 1632 trantia,
318 1584 505 1622 solstitiali
525 1597 564 1622 se
591 1590 629 1621 et
644 1582 813 1621 brumali
841 1581 1077 1620 revocatione
1104 1594 1199 1620 conv
1201 1596 1260 1621 er-

129 1645 281 1684 terent3
311 1647 356 1677 ut
383 1639 456 1677 hoc
484 1650 599 1676 omne
626 1637 784 1684 animal,
814 1635 919 1688 quod
944 1636 1133 1697 videmus,
1164 1643 1260 1675 esset

129 1693 188 1733 illi
210 1693 383 1740 animali,
413 1693 518 1745 quod
543 1692 744 1741 sentimus,
769 1690 819 1730 ad
838 1690 1058 1729 aeternitatis
1076 1690 1260 1732 imitatio·-

132 1759 223 1788 nem
243 1748 498 1788 simiffimum.

179 1804 233 1843 X.
254 1803 309 1842 Et
320 1809 454 1841 caetera
465 1801 637 1854 quidem,
650 1813 773 1852 usque
783 1800 832 1838 ad
841 1799 1260 1850 temporisortum,im-

134 1871 264 1910 pressa
283 1858 331 1896 ab
350 1855 426 1895 inis
446 1870 534 1907 quae
552 1855 792 1902 imitabatur,
812 1853 1036 1895 effinxerat:
1068 1853 1148 1900 sed,
1168 1854 1263 1906 quia

135 1912 308 1951 nondum
329 1923 444 1948 omne
462 1909 634 1950 animal'
624 1921 665 1946 111
683 1908 830 1951 mundo
850 1908 954 1949 intus
972 1907 1190 1954 incluserat,
1212 1921 1263 1947 ex

135 1980 180 2005 ea
199 1973 307 2018 parte
326 1964 524 2004 deficiebat
542 1963 592 2003 ad
609 1963 848 2015 propositum
867 1962 1092 2013 exemplar
1081 1962 1264 2013 lmaginis

135 2019 362 2059 similitudo-
392 2019 502 2067 Quot
519 2018 638 2070 igitur
658 2025 696 2056 et
713 2018 846 2069 quales
869 2016 1098 2055 animalium
1116 2016 1262 2056 formas

135 2087 260 2123 mens,
293 2075 334 2112 in
360 2073 524 2125 speciem
553 2085 682 2111 rerum
711 2072 879 2118 intuens,
913 2078 1062 2123 poterat
1091 2083 1258 2120 cernere,

135 2129 292 2168 totidem
314 2134 352 2167 et
369 2128 464 2166 tales
482 2127 523 2165 in
541 2127 615 2166 hoc
635 2126 784 2165 mundo
802 2138 933 2165 secum
951 2125 1131 2177 cogitavit
1148 2124 1259 2163 effin-

133 2196 234 2236 gere.
264 2182 390 2222 Erant
426 2188 557 2222 autem
594 2180 854 2221 animantium
880 2192 1022 2233 genera
1057 2186 1255 2232 quatuor;
