1470 2402
376 77 455 120 DE
485 76 751 128 OFFICIIS,
783 77 885 118 Lm.
907 78 992 119 111.
1021 78 1128 120 CAP.
1149 80 1212 121 11.
1280 83 1362 123 305

223 193 411 241 tyrannus
437 187 542 226 diem
568 186 672 226 necis
700 186 977 239 destinavisset,
1007 197 1044 232 et
1072 189 1118 237 is,
1149 190 1218 242 qui
1242 192 1360 232 morti

222 242 398 283 addictus
429 249 539 291 esset,
564 255 707 294 paucos
736 242 808 282 sibi
836 242 931 290 dies,
961 244 1358 285 commendandorum

220 310 381 339 suorum
400 297 528 345 causa,
550 296 831 348 postulavisset,
854 311 919 339 vas
945 298 1068 338 factus
1094 299 1142 338 sit
1160 300 1256 338 alter
1276 302 1359 350 ejus

219 351 402 398 sistendi3
433 359 491 400 ut,
513 351 544 390 si
563 352 629 390 ille
648 364 726 391 non
750 353 975 402 revertisset,
996 353 1241 393 moriendum
1261 364 1358 396 esset

218 406 304 458 ipsi.
347 407 431 455 Qui
449 418 539 445 cum
559 406 608 444 ad
628 406 731 445 diem
750 420 790 446 se
813 408 1028 460 recepisset,
1055 407 1267 448 admiratus
1293 423 1357 449 eo-

218 474 309 501 rum
328 461 446 500 fidem
465 468 666 512 tyrannus,
688 461 837 514 petivit,
858 471 903 500 ut
921 475 961 502 se
982 463 1032 501 ad
1051 463 1261 503 amicitiam
1281 472 1356 504 ter-

221 515 323 556 tium
343 515 613 556 adscriberent.

276 570 380 609 Cum
400 570 519 622 igitur
537 570 578 608 id
596 570 702 622 quod
721 570 816 610 utile
835 571 986 610 videtur
1003 572 1044 610 in
1064 572 1248 621 amicitia,
1265 587 1355 614 cum

220 638 265 665 eo
284 625 392 678 quod
409 625 617 665 honestum
642 633 711 673 est,
736 634 1006 677 comparatur;
1034 627 1160 678 jaceat
1177 628 1355 669 utilitatis

218 681 375 732 species,
407 680 532 720 valeat
561 679 751 719 honestas.
796 680 900 720 Cum
929 689 1076 730 autem,
1107 682 1148 721 in
1168 683 1353 733 amicitia,

219 749 310 787 quae
341 735 503 775 honesta
534 747 610 773 non
647 742 750 782 sunt,
782 735 1110 786 postulabuntur;
1149 736 1284 788 religio
1317 748 1355 777 et

218 791 314 831 fides
326 796 616 851 anteponantur
635 789 839 829 amicitiae·
871 790 923 829 sic
941 790 1176 829 habebitur
1166 804 1212 841 is,
1234 805 1352 844 quem

218 844 474 896 exquirimus,
495 843 664 883 delectus
684 844 810 883 officii.

270 899 349 938 XI.
380 898 472 946 Sed,
492 898 669 939 utilitatis
695 898 833 950 specie,
854 899 895 937 in
921 898 1128 952 republica
1144 900 1352 952 saepissime

213 963 415 1016 peccatur-3
440 953 539 992 utin
556 953 733 993 Corinthi
751 953 1029 995 disturbatione
1049 955 1189 993 nostri:
1216 955 1351 995 durius

215 1009 334 1048 etiam
359 1008 633 1053 Athenienses,
658 1008 727 1059 qui
753 1008 958 1057 sciverunt,
979 1017 1024 1047 ut
1050 1009 1258 1060 AEginetis,
1281 1011 1351 1062 qui

214 1064 333 1104 classe
358 1063 552 1111 valebant,
581 1063 738 1124 pollices
761 1063 1068 1114 praeciderentur.
1110 1064 1200 1102 Hoc
1223 1065 1350 1103 visum

213 1126 271 1157 est
290 1117 404 1157 utile:
430 1117 547 1156 nimis
566 1117 670 1156 enim
689 1117 933 1165 imminebat,
954 1126 1110 1170 propter
1123 1119 1350 1171 propinqui-

214 1179 350 1221 tatem,
367 1172 514 1223 AEgina
530 1171 688 1210 Piraeeo.
714 1171 790 1211 Sed
804 1173 916 1220 1111111,
931 1172 1037 1225 quod
1051 1173 1217 1221 crudele,
1232 1174 1347 1213 utile.

214 1235 271 1267 est
303 1227 408 1267 enim
436 1227 642 1265 hominum
669 1235 832 1276 naturae,
862 1240 981 1280 quam
1010 1227 1120 1282 sequi
1147 1227 1347 1279 debemus,

212 1282 386 1321 maxime
403 1281 561 1320 inimica
579 1281 796 1320 crudelitas.

268 1337 381 1377 Male
399 1336 530 1384 etiam,
552 1336 621 1388 qui
638 1336 858 1388 peregrinos
877 1336 1041 1376 urbibus
1055 1336 1114 1376 uti
1127 1337 1347 1388 prohibent,

212 1405 354 1444 eosque
372 1391 644 1439 exterminant,
666 1399 711 1430 ut
734 1391 892 1430 Pennus
915 1391 1021 1443 apud
1039 1399 1165 1443 patres
1183 1400 1346 1440 nostros,

213 1446 362 1498 Papius
380 1459 516 1498 nuper.
546 1446 655 1484 Nam
675 1459 754 1484 esse
772 1459 841 1498 pro
861 1446 956 1494 cive,
976 1446 1046 1498 qui
1070 1446 1162 1485 civis
1184 1459 1262 1486 non
1282 1447 1345 1496 sit,

212 1508 363 1539 rectum
382 1507 438 1539 est
456 1513 534 1538 11011
552 1500 690 1546 11001·ος
719 1513 840 1553 quam
859 1501 1032 1540 tulerunt
1049 1501 1176 1551 legem
1195 1500 1346 1552 sapien-

212 1555 350 1595 tissimi
369 1555 556 1602 consuleS,
579 1554 739 1594 Crassus
759 1563 797 1594 et
815 1555 1008 1594 Scaevola:
1037 1568 1110 1593 usu
1131 1568 1219 1594 vero
1238 1555 1346 1594 urbis

209 1610 413 1662 prohibere
426 1609 660 1661 peregrinos,
677 1622 768 1647 sane
781 1609 1043 1649 inhumanum
1058 1615 1125 1647 est.
1157 1609 1234 1649 Illa
1246 1622 1345 1660 praes-

211 1665 327 1713 clara,
347 1664 389 1703 in
409 1664 551 1716 quibus
570 1663 736 1715 publicae
754 1663 932 1704 utilitatis
952 1663 1092 1715 species
1111 1677 1191 1715 prae
1204 1663 1344 1704 hones.

207 1726 287 1758 tate
305 1718 576 1758 contemnitur.
613 1718 736 1756 Plena
755 1718 1024 1769 exemplorum
1042 1724 1098 1756 est
1115 1726 1246 1756 nostra
1264 1731 1343 1757 res,

209 1773 381 1826 publica,
410 1785 502 1811 cum
529 1785 643 1824 saepe,
671 1779 759 1813 tum
783 1772 956 1814 maxime
981 1772 1083 1811 bello
1108 1772 1259 1812 Punico
1284 1786 1343 1812 se.

209 1828 363 1868 cundo:
395 1841 498 1880 quae,
526 1826 722 1866 Cannensi
746 1827 964 1869 calamitate
987 1826 1157 1878 accepta,
1177 1828 1342 1877 majorae

209 1883 360 1922 animos
377 1881 530 1929 habuit,
546 1895 667 1934 quam
681 1895 859 1934 unquam
877 1884 992 1923 rebus
1009 1881 1185 1920 secundis
1196 1896 1208 1920 ε
1231 1881 1342 1923 nulla

207 1937 357 1978 timoris
376 1937 618 1988 significatio,
638 1937 749 1975 nulla
766 1937 913 1977 mentio
930 1936 1046 1989 pacis.
1071 1935 1202 1975 Tanta
1215 1936 1273 1976 vis
1286 1943 1344 1976 est

207 1991 374 2040 honesti,
394 1999 440 2030 ut
459 1991 625 2044 speciem
644 1991 822 2030 utilitatis
840 1993 1029 2030 obscuret.

261 2045 536 2094 Athenienses,
556 2058 648 2085 cum
669 2045 877 2087 Persarum
902 2046 1095 2097 impetum
1120 2045 1231 2087 nullo
1255 2057 1341 2084 mo-

206 2102 259 2141 <ln
276 2108 432 2154 possent
449 2101 651 2149 sustinere,
678 2108 980 2153 statueremque,
1000 2108 1060 2149 ut,
1079 2102 1175 2142 urbe
1193 2099 1338 2148 relicta,

206 2156 437 2209 conjugibus
461 2163 500 2197 et
522 2155 653 2198 liberis
677 2154 865 2199 Troezene
888 2155 1085 2248 depogitis,
1108 2167 1223 2196 naves
1248 2166 1339 2195 cone

883 2211 909 2254 2
930 2220 961 2247 1)
