<?xml version="1.0" encoding="UTF-8"?>
<!DOCTYPE html PUBLIC "-//W3C//DTD XHTML 1.0 Transitional//EN"
    "http://www.w3.org/TR/xhtml1/DTD/xhtml1-transitional.dtd">
<html xmlns="http://www.w3.org/1999/xhtml" xml:lang="en" lang="en">
 <head>
  <title>
</title>
<meta http-equiv="Content-Type" content="text/html;charset=utf-8" />
  <meta name='ocr-system' content='tesseract 3.04.00' />
  <meta name='ocr-capabilities' content='ocr_page ocr_carea ocr_par ocr_line ocrx_word'/>
</head>
<body>
  <div class='ocr_page' id='page_1' title='image "./operaern04ciceuoft_0427.png"; bbox 0 0 1470 2402; ppageno 0'>
   <div class='ocr_carea' id='block_1_1' title="bbox 441 93 1241 135">
    <p class='ocr_par' dir='ltr' id='par_1_1' title="bbox 441 93 1241 135">
     <span class='ocr_line' id='line_1_1' title="bbox 441 93 1241 135; baseline 0.001 -1"><span class='ocrx_word' id='word_1_1' title='bbox 441 93 817 135; x_wconf 88' lang='lat' dir='ltr'><strong>PARADOXON</strong></span> <span class='ocrx_word' id='word_1_2' title='bbox 847 95 899 134; x_wconf 89' lang='lat' dir='ltr'>V.</span> <span class='ocrx_word' id='word_1_3' title='bbox 1162 98 1241 135; x_wconf 81' lang='lat'>413</span> 
     </span>
    </p>
   </div>
   <div class='ocr_carea' id='block_1_2' title="bbox 89 202 1241 2261">
    <p class='ocr_par' dir='ltr' id='par_1_2' title="bbox 89 202 1241 1335">
     <span class='ocr_line' id='line_1_2' title="bbox 89 202 1241 256; baseline 0.003 -15"><span class='ocrx_word' id='word_1_4' title='bbox 89 202 275 255; x_wconf 75' lang='lat' dir='ltr'>-sequitur</span> <span class='ocrx_word' id='word_1_5' title='bbox 304 210 423 256; x_wconf 85' lang='lat' dir='ltr'>atque</span> <span class='ocrx_word' id='word_1_6' title='bbox 452 205 556 253; x_wconf 87' lang='lat' dir='ltr'>oolit,</span> <span class='ocrx_word' id='word_1_7' title='bbox 585 205 679 256; x_wconf 88' lang='lat' dir='ltr'>quia</span> <span class='ocrx_word' id='word_1_8' title='bbox 702 204 744 243; x_wconf 87' lang='lat' dir='ltr'>id</span> <span class='ocrx_word' id='word_1_9' title='bbox 769 205 936 244; x_wconf 84' lang='lat' dir='ltr'>salutare</span> <span class='ocrx_word' id='word_1_10' title='bbox 960 204 1135 244; x_wconf 79' lang='lat' dir='ltr'>maxime</span> <span class='ocrx_word' id='word_1_11' title='bbox 1160 219 1241 245; x_wconf 84' lang='lat' dir='ltr'>esse</span> 
     </span>
     <span class='ocr_line' id='line_1_3' title="bbox 93 257 1239 312; baseline 0.003 -16"><span class='ocrx_word' id='word_1_12' title='bbox 93 257 269 308; x_wconf 83' lang='lat' dir='ltr'>judicat:</span> <span class='ocrx_word' id='word_1_13' title='bbox 300 259 369 310; x_wconf 91' lang='lat' dir='ltr'>qui</span> <span class='ocrx_word' id='word_1_14' title='bbox 387 258 486 297; x_wconf 89' lang='grc'><strong>1111111</strong></span> <span class='ocrx_word' id='word_1_15' title='bbox 505 259 613 306; x_wconf 88' lang='lat' dir='ltr'>dicit,</span> <span class='ocrx_word' id='word_1_16' title='bbox 634 260 733 297; x_wconf 82' lang='lat' dir='ltr'>nihil</span> <span class='ocrx_word' id='word_1_17' title='bbox 760 259 865 308; x_wconf 87' lang='lat' dir='ltr'>facit,</span> <span class='ocrx_word' id='word_1_18' title='bbox 887 260 985 298; x_wconf 91' lang='lat' dir='ltr'>nihil</span> <span class='ocrx_word' id='word_1_19' title='bbox 1011 260 1154 312; x_wconf 85' lang='lat' dir='ltr'>cogitat</span> <span class='ocrx_word' id='word_1_20' title='bbox 1172 261 1239 300; x_wconf 87' lang='lat' dir='ltr'>de-</span> 
     </span>
     <span class='ocr_line' id='line_1_4' title="bbox 98 312 1237 364; baseline 0.003 -14"><span class='ocrx_word' id='word_1_21' title='bbox 98 312 232 364; x_wconf 87' lang='lat' dir='ltr'>nique,</span> <span class='ocrx_word' id='word_1_22' title='bbox 254 313 328 352; x_wconf 88' lang='lat' dir='ltr'>nisi</span> <span class='ocrx_word' id='word_1_23' title='bbox 346 313 523 361; x_wconf 85' lang='lat' dir='ltr'>libenter,</span> <span class='ocrx_word' id='word_1_24' title='bbox 545 327 589 352; x_wconf 89' lang='grc'>30</span> <span class='ocrx_word' id='word_1_25' title='bbox 607 313 752 352; x_wconf 87' lang='lat' dir='ltr'>libere:</span> <span class='ocrx_word' id='word_1_26' title='bbox 784 315 895 363; x_wconf 85' lang='lat' dir='ltr'>cujus</span> <span class='ocrx_word' id='word_1_27' title='bbox 913 314 1046 352; x_wconf 87' lang='lat' dir='ltr'>omnia</span> <span class='ocrx_word' id='word_1_28' title='bbox 1065 315 1237 364; x_wconf 87' lang='lat' dir='ltr'>consilia,</span> 
     </span>
     <span class='ocr_line' id='line_1_5' title="bbox 98 368 1241 420; baseline 0.003 -14"><span class='ocrx_word' id='word_1_29' title='bbox 98 379 236 418; x_wconf 82' lang='lat' dir='ltr'>resque</span> <span class='ocrx_word' id='word_1_30' title='bbox 254 380 389 406; x_wconf 88' lang='lat' dir='ltr'>omnes</span> <span class='ocrx_word' id='word_1_31' title='bbox 409 382 506 420; x_wconf 90' lang='lat' dir='ltr'>quas</span> <span class='ocrx_word' id='word_1_32' title='bbox 525 368 637 419; x_wconf 90' lang='lat' dir='ltr'>gerit,</span> <span class='ocrx_word' id='word_1_33' title='bbox 659 370 708 407; x_wconf 89' lang='lat' dir='ltr'>ab</span> <span class='ocrx_word' id='word_1_34' title='bbox 734 368 819 419; x_wconf 87' lang='lat' dir='ltr'>ipso</span> <span class='ocrx_word' id='word_1_35' title='bbox 844 369 1153 420; x_wconf 83' lang='lat' dir='ltr'>proficiscuntur,</span> <span class='ocrx_word' id='word_1_36' title='bbox 1176 384 1241 409; x_wconf 86' lang='lat' dir='ltr'>eo-</span> 
     </span>
     <span class='ocr_line' id='line_1_6' title="bbox 98 421 1240 476; baseline 0.002 -16"><span class='ocrx_word' id='word_1_37' title='bbox 98 421 268 474; x_wconf 80' lang='lat' dir='ltr'>demque</span> <span class='ocrx_word' id='word_1_38' title='bbox 286 422 488 461; x_wconf 82' lang='lat' dir='ltr'>feruntur:</span> <span class='ocrx_word' id='word_1_39' title='bbox 519 435 590 461; x_wconf 88' lang='lat' dir='ltr'>nec</span> <span class='ocrx_word' id='word_1_40' title='bbox 617 430 674 461; x_wconf 90' lang='lat' dir='ltr'>est</span> <span class='ocrx_word' id='word_1_41' title='bbox 699 423 783 461; x_wconf 88' lang='lat' dir='ltr'>ulla</span> <span class='ocrx_word' id='word_1_42' title='bbox 807 436 880 472; x_wconf 79' lang='grc'><strong>105,</strong></span> <span class='ocrx_word' id='word_1_43' title='bbox 909 437 998 475; x_wconf 86' lang='lat' dir='ltr'>quae</span> <span class='ocrx_word' id='word_1_44' title='bbox 1023 424 1113 475; x_wconf 92' lang='lat' dir='ltr'>plus</span> <span class='ocrx_word' id='word_1_45' title='bbox 1132 425 1240 476; x_wconf 89' lang='lat' dir='ltr'>apud</span> 
     </span>
     <span class='ocr_line' id='line_1_7' title="bbox 98 477 1236 530; baseline 0.003 -16"><span class='ocrx_word' id='word_1_46' title='bbox 98 489 191 515; x_wconf 92' lang='lat' dir='ltr'>eum</span> <span class='ocrx_word' id='word_1_47' title='bbox 209 477 367 528; x_wconf 84' lang='lat' dir='ltr'>polleat,</span> <span class='ocrx_word' id='word_1_48' title='bbox 388 490 508 529; x_wconf 87' lang='lat' dir='ltr'>quam</span> <span class='ocrx_word' id='word_1_49' title='bbox 526 477 648 529; x_wconf 89' lang='lat' dir='ltr'>ipsius</span> <span class='ocrx_word' id='word_1_50' title='bbox 671 477 851 515; x_wconf 85' lang='lat' dir='ltr'>voluntas</span> <span class='ocrx_word' id='word_1_51' title='bbox 877 486 994 530; x_wconf 88' lang='lat' dir='ltr'>atque</span> <span class='ocrx_word' id='word_1_52' title='bbox 1017 478 1209 528; x_wconf 86' lang='lat' dir='ltr'>judicium</span> <span class='ocrx_word' id='word_1_53' title='bbox 1226 494 1236 517; x_wconf 92' lang='lat'>:</span> 
     </span>
     <span class='ocr_line' id='line_1_8' title="bbox 98 530 1239 584; baseline 0.002 -15"><span class='ocrx_word' id='word_1_54' title='bbox 98 530 164 575; x_wconf 78' lang='grc'><strong>0111</strong></span> <span class='ocrx_word' id='word_1_55' title='bbox 182 531 340 583; x_wconf 88' lang='lat' dir='ltr'>quidem</span> <span class='ocrx_word' id='word_1_56' title='bbox 362 533 476 570; x_wconf 88' lang='lat' dir='ltr'>etiam</span> <span class='ocrx_word' id='word_1_57' title='bbox 499 536 604 584; x_wconf 85' lang='lat' dir='ltr'>(quae</span> <span class='ocrx_word' id='word_1_58' title='bbox 628 532 708 570; x_wconf 89' lang='lat' dir='ltr'>vim</span> <span class='ocrx_word' id='word_1_59' title='bbox 735 531 877 570; x_wconf 88' lang='lat' dir='ltr'>habere</span> <span class='ocrx_word' id='word_1_60' title='bbox 902 533 1119 571; x_wconf 81' lang='lat' dir='ltr'>maximam</span> <span class='ocrx_word' id='word_1_61' title='bbox 1145 533 1239 572; x_wconf 86' lang='lat' dir='ltr'>dici-</span> 
     </span>
     <span class='ocr_line' id='line_1_9' title="bbox 99 586 1236 649; baseline 0.002 -25"><span class='ocrx_word' id='word_1_62' title='bbox 99 591 180 630; x_wconf 76' lang='lat' dir='ltr'>tur)</span> <span class='ocrx_word' id='word_1_63' title='bbox 211 586 385 624; x_wconf 84' lang='lat' dir='ltr'>Fortuna</span> <span class='ocrx_word' id='word_1_64' title='bbox 406 587 490 638; x_wconf 89' lang='lat' dir='ltr'>ipsa</span> <span class='ocrx_word' id='word_1_65' title='bbox 515 586 642 632; x_wconf 84' lang='lat' dir='ltr'>cedit,</span> <span class='ocrx_word' id='word_1_66' title='bbox 631 600 641 609; x_wconf 92' lang='lat'><strong>·</strong></span> <span class='ocrx_word' id='word_1_67' title='bbox 678 586 776 624; x_wconf 87' lang='lat' dir='ltr'>sicut</span> <span class='ocrx_word' id='word_1_68' title='bbox 801 587 951 638; x_wconf 89' lang='lat' dir='ltr'>sapiens</span> <span class='ocrx_word' id='word_1_69' title='bbox 979 591 1095 649; x_wconf 66' lang='lat' dir='ltr'>poeta</span> <span class='ocrx_word' id='word_1_70' title='bbox 1123 588 1236 638; x_wconf 83' lang='lat' dir='ltr'>dixit,</span> 
     </span>
     <span class='ocr_line' id='line_1_10' title="bbox 100 639 1240 693; baseline 0.003 -15"><span class='ocrx_word' id='word_1_71' title='bbox 100 641 131 675; x_wconf 85' lang='lat'>.“</span> <span class='ocrx_word' id='word_1_72' title='bbox 147 639 237 679; x_wconf 89' lang='lat' dir='ltr'>Suis</span> <span class='ocrx_word' id='word_1_73' title='bbox 256 653 300 678; x_wconf 86' lang='lat' dir='ltr'>ea</span> <span class='ocrx_word' id='word_1_74' title='bbox 319 641 459 692; x_wconf 89' lang='lat' dir='ltr'>cuique</span> <span class='ocrx_word' id='word_1_75' title='bbox 479 641 638 692; x_wconf 86' lang='lat' dir='ltr'>fingitur</span> <span class='ocrx_word' id='word_1_76' title='bbox 655 641 842 679; x_wconf 91' lang='lat' dir='ltr'>moribus.</span> <span class='ocrx_word' id='word_1_77' title='bbox 847 642 872 658; x_wconf 90' lang='lat'>&#39;&#39;</span> <span class='ocrx_word' id='word_1_78' title='bbox 914 641 995 680; x_wconf 83' lang='lat' dir='ltr'>Soli</span> <span class='ocrx_word' id='word_1_79' title='bbox 1020 641 1140 693; x_wconf 86' lang='lat' dir='ltr'>igitur</span> <span class='ocrx_word' id='word_1_80' title='bbox 1166 643 1240 682; x_wconf 89' lang='grc'><strong>1100</strong></span> 
     </span>
     <span class='ocr_line' id='line_1_11' title="bbox 97 694 1237 746; baseline 0.003 -13"><span class='ocrx_word' id='word_1_81' title='bbox 97 694 286 746; x_wconf 85' lang='lat' dir='ltr'>contingit</span> <span class='ocrx_word' id='word_1_82' title='bbox 305 695 481 746; x_wconf 85' lang='lat' dir='ltr'>sapienti,</span> <span class='ocrx_word' id='word_1_83' title='bbox 497 702 543 733; x_wconf 86' lang='lat' dir='ltr'>ut</span> <span class='ocrx_word' id='word_1_84' title='bbox 557 695 656 733; x_wconf 84' lang='lat' dir='ltr'>nihil</span> <span class='ocrx_word' id='word_1_85' title='bbox 669 694 786 733; x_wconf 85' lang='lat' dir='ltr'>faciat</span> <span class='ocrx_word' id='word_1_86' title='bbox 799 695 959 744; x_wconf 81' lang='lat' dir='ltr'>invitus,</span> <span class='ocrx_word' id='word_1_87' title='bbox 975 696 1075 734; x_wconf 85' lang='lat' dir='ltr'>nihil</span> <span class='ocrx_word' id='word_1_88' title='bbox 1090 697 1237 745; x_wconf 82' lang='lat' dir='ltr'>dolens,</span> 
     </span>
     <span class='ocr_line' id='line_1_12' title="bbox 98 748 1240 801; baseline 0.003 -14"><span class='ocrx_word' id='word_1_89' title='bbox 98 748 199 787; x_wconf 86' lang='lat' dir='ltr'>nihil</span> <span class='ocrx_word' id='word_1_90' title='bbox 216 758 380 788; x_wconf 88' lang='lat' dir='ltr'>coactus.</span> <span class='ocrx_word' id='word_1_91' title='bbox 415 749 536 797; x_wconf 88' lang='lat' dir='ltr'>Quod</span> <span class='ocrx_word' id='word_1_92' title='bbox 559 749 629 788; x_wconf 87' lang='lat' dir='ltr'>etsi</span> <span class='ocrx_word' id='word_1_93' title='bbox 647 749 702 788; x_wconf 82' lang='lat' dir='ltr'>ita</span> <span class='ocrx_word' id='word_1_94' title='bbox 721 763 802 788; x_wconf 86' lang='lat' dir='ltr'>esse</span> <span class='ocrx_word' id='word_1_95' title='bbox 819 750 998 801; x_wconf 88' lang='lat' dir='ltr'>pluribus</span> <span class='ocrx_word' id='word_1_96' title='bbox 1017 751 1142 790; x_wconf 81' lang='lat' dir='ltr'>verbis</span> <span class='ocrx_word' id='word_1_97' title='bbox 1161 752 1240 790; x_wconf 85' lang='lat' dir='ltr'>dis-</span> 
     </span>
     <span class='ocr_line' id='line_1_13' title="bbox 98 803 1238 851; baseline 0.002 -9"><span class='ocrx_word' id='word_1_98' title='bbox 98 803 305 843; x_wconf 84' lang='lat' dir='ltr'>serendum</span> <span class='ocrx_word' id='word_1_99' title='bbox 331 811 401 851; x_wconf 91' lang='lat' dir='ltr'>est,</span> <span class='ocrx_word' id='word_1_100' title='bbox 425 804 526 842; x_wconf 87' lang='lat' dir='ltr'>illud</span> <span class='ocrx_word' id='word_1_101' title='bbox 550 811 682 842; x_wconf 86' lang='lat' dir='ltr'>tamen</span> <span class='ocrx_word' id='word_1_102' title='bbox 709 811 746 842; x_wconf 89' lang='lat' dir='ltr'>et</span> <span class='ocrx_word' id='word_1_103' title='bbox 771 806 886 843; x_wconf 89' lang='lat' dir='ltr'>breve</span> <span class='ocrx_word' id='word_1_104' title='bbox 911 813 948 843; x_wconf 88' lang='lat' dir='ltr'>et</span> <span class='ocrx_word' id='word_1_105' title='bbox 974 805 1238 844; x_wconf 90' lang='lat' dir='ltr'>confitendum</span> 
     </span>
     <span class='ocr_line' id='line_1_14' title="bbox 98 858 1237 911; baseline 0.003 -15"><span class='ocrx_word' id='word_1_106' title='bbox 98 864 169 906; x_wconf 81' lang='lat' dir='ltr'>est,</span> <span class='ocrx_word' id='word_1_107' title='bbox 189 859 264 898; x_wconf 92' lang='grc'><strong>11151</strong></span> <span class='ocrx_word' id='word_1_108' title='bbox 286 859 356 911; x_wconf 89' lang='lat' dir='ltr'>qui</span> <span class='ocrx_word' id='word_1_109' title='bbox 379 859 435 897; x_wconf 86' lang='lat' dir='ltr'>ita</span> <span class='ocrx_word' id='word_1_110' title='bbox 460 859 510 897; x_wconf 89' lang='lat' dir='ltr'>sit</span> <span class='ocrx_word' id='word_1_111' title='bbox 534 858 707 905; x_wconf 82' lang='lat' dir='ltr'>affectus,</span> <span class='ocrx_word' id='word_1_112' title='bbox 729 872 809 897; x_wconf 85' lang='lat' dir='ltr'>esse</span> <span class='ocrx_word' id='word_1_113' title='bbox 833 859 1000 898; x_wconf 88' lang='lat' dir='ltr'>liberum</span> <span class='ocrx_word' id='word_1_114' title='bbox 1027 861 1237 899; x_wconf 86' lang='lat' dir='ltr'>neminem.</span> 
     </span>
     <span class='ocr_line' id='line_1_15' title="bbox 98 912 1236 975; baseline 0.003 -24"><span class='ocrx_word' id='word_1_115' title='bbox 98 912 229 964; x_wconf 86' lang='lat' dir='ltr'>Igitur</span> <span class='ocrx_word' id='word_1_116' title='bbox 258 926 393 952; x_wconf 80' lang='lat' dir='ltr'>omnes</span> <span class='ocrx_word' id='word_1_117' title='bbox 415 913 599 975; x_wconf 80' lang='lat' dir='ltr'>improbi,</span> <span class='ocrx_word' id='word_1_118' title='bbox 627 913 736 952; x_wconf 89' lang='lat' dir='ltr'>servi.</span> <span class='ocrx_word' id='word_1_119' title='bbox 781 913 867 952; x_wconf 79' lang='lat' dir='ltr'>Nec</span> <span class='ocrx_word' id='word_1_120' title='bbox 891 914 964 953; x_wconf 93' lang='lat' dir='ltr'>hoc</span> <span class='ocrx_word' id='word_1_121' title='bbox 989 922 1068 953; x_wconf 88' lang='lat' dir='ltr'>tam</span> <span class='ocrx_word' id='word_1_122' title='bbox 1097 928 1138 953; x_wconf 89' lang='lat' dir='ltr'>re</span> <span class='ocrx_word' id='word_1_123' title='bbox 1167 923 1236 963; x_wconf 89' lang='lat' dir='ltr'>est,</span> 
     </span>
     <span class='ocr_line' id='line_1_16' title="bbox 97 967 1238 1020; baseline 0.002 -14"><span class='ocrx_word' id='word_1_124' title='bbox 97 980 219 1019; x_wconf 88' lang='lat' dir='ltr'>quam</span> <span class='ocrx_word' id='word_1_125' title='bbox 237 967 358 1017; x_wconf 88' lang='lat' dir='ltr'>dictu,</span> <span class='ocrx_word' id='word_1_126' title='bbox 377 967 624 1020; x_wconf 88' lang='lat' dir='ltr'>inopinatum</span> <span class='ocrx_word' id='word_1_127' title='bbox 644 976 762 1020; x_wconf 85' lang='lat' dir='ltr'>atque</span> <span class='ocrx_word' id='word_1_128' title='bbox 779 968 968 1007; x_wconf 85' lang='lat' dir='ltr'>mirabile.</span> <span class='ocrx_word' id='word_1_129' title='bbox 1011 969 1106 1007; x_wconf 82' lang='lat' dir='ltr'>Non</span> <span class='ocrx_word' id='word_1_130' title='bbox 1133 970 1238 1008; x_wconf 91' lang='lat' dir='ltr'>enim</span> 
     </span>
     <span class='ocr_line' id='line_1_17' title="bbox 97 1021 1239 1075; baseline 0.002 -15"><span class='ocrx_word' id='word_1_131' title='bbox 97 1021 154 1060; x_wconf 79' lang='lat' dir='ltr'>ita</span> <span class='ocrx_word' id='word_1_132' title='bbox 182 1021 318 1061; x_wconf 87' lang='lat' dir='ltr'>dicunt</span> <span class='ocrx_word' id='word_1_133' title='bbox 348 1035 411 1061; x_wconf 88' lang='lat' dir='ltr'>eos</span> <span class='ocrx_word' id='word_1_134' title='bbox 441 1036 522 1061; x_wconf 85' lang='lat' dir='ltr'>esse</span> <span class='ocrx_word' id='word_1_135' title='bbox 549 1035 690 1071; x_wconf 65' lang='lat' dir='ltr'>servm,</span> <span class='ocrx_word' id='word_1_136' title='bbox 718 1029 764 1060; x_wconf 89' lang='lat' dir='ltr'>ut</span> <span class='ocrx_word' id='word_1_137' title='bbox 790 1023 999 1075; x_wconf 84' lang='lat' dir='ltr'>mancipia,</span> <span class='ocrx_word' id='word_1_138' title='bbox 1030 1037 1119 1075; x_wconf 88' lang='lat' dir='ltr'>quae</span> <span class='ocrx_word' id='word_1_139' title='bbox 1148 1032 1239 1063; x_wconf 89' lang='lat' dir='ltr'>sunt</span> 
     </span>
     <span class='ocr_line' id='line_1_18' title="bbox 98 1076 1238 1129; baseline 0.002 -14"><span class='ocrx_word' id='word_1_140' title='bbox 98 1076 347 1117; x_wconf 84' lang='lat' dir='ltr'>dominorum</span> <span class='ocrx_word' id='word_1_141' title='bbox 365 1077 468 1116; x_wconf 86' lang='lat' dir='ltr'>facta</span> <span class='ocrx_word' id='word_1_142' title='bbox 489 1089 609 1124; x_wconf 84' lang='lat' dir='ltr'>nexu,</span> <span class='ocrx_word' id='word_1_143' title='bbox 636 1084 706 1115; x_wconf 89' lang='lat' dir='ltr'>aut</span> <span class='ocrx_word' id='word_1_144' title='bbox 730 1077 862 1129; x_wconf 86' lang='lat' dir='ltr'>aliquo</span> <span class='ocrx_word' id='word_1_145' title='bbox 883 1079 972 1127; x_wconf 90' lang='lat' dir='ltr'>jure</span> <span class='ocrx_word' id='word_1_146' title='bbox 997 1077 1125 1116; x_wconf 68' lang='lat' dir='ltr'>civili:</span> <span class='ocrx_word' id='word_1_147' title='bbox 1157 1079 1238 1125; x_wconf 87' lang='lat' dir='ltr'>sed,</span> 
     </span>
     <span class='ocr_line' id='line_1_19' title="bbox 98 1130 1240 1179; baseline 0.001 -9"><span class='ocrx_word' id='word_1_148' title='bbox 98 1130 133 1170; x_wconf 88' lang='lat' dir='ltr'>si</span> <span class='ocrx_word' id='word_1_149' title='bbox 161 1132 324 1171; x_wconf 81' lang='lat' dir='ltr'>servitus</span> <span class='ocrx_word' id='word_1_150' title='bbox 357 1131 419 1179; x_wconf 88' lang='lat' dir='ltr'>sit,</span> <span class='ocrx_word' id='word_1_151' title='bbox 451 1132 551 1170; x_wconf 88' lang='lat' dir='ltr'>sicut</span> <span class='ocrx_word' id='word_1_152' title='bbox 576 1138 646 1179; x_wconf 87' lang='lat' dir='ltr'>est,</span> <span class='ocrx_word' id='word_1_153' title='bbox 674 1131 892 1170; x_wconf 85' lang='lat' dir='ltr'>obedientia</span> <span class='ocrx_word' id='word_1_154' title='bbox 916 1132 1028 1171; x_wconf 83' lang='lat' dir='ltr'>fracti</span> <span class='ocrx_word' id='word_1_155' title='bbox 1053 1132 1176 1171; x_wconf 92' lang='lat' dir='ltr'>animi</span> <span class='ocrx_word' id='word_1_156' title='bbox 1202 1141 1240 1172; x_wconf 86' lang='lat' dir='ltr'>et</span> 
     </span>
     <span class='ocr_line' id='line_1_20' title="bbox 98 1185 1239 1238; baseline -0.001 -11"><span class='ocrx_word' id='word_1_157' title='bbox 98 1186 253 1236; x_wconf 81' lang='lat' dir='ltr'>abjecti,</span> <span class='ocrx_word' id='word_1_158' title='bbox 281 1194 320 1225; x_wconf 84' lang='lat' dir='ltr'>et</span> <span class='ocrx_word' id='word_1_159' title='bbox 344 1186 503 1225; x_wconf 87' lang='lat' dir='ltr'>arbitrio</span> <span class='ocrx_word' id='word_1_160' title='bbox 528 1185 691 1225; x_wconf 75' lang='lat' dir='ltr'>carentis</span> <span class='ocrx_word' id='word_1_161' title='bbox 717 1199 801 1235; x_wconf 91' lang='lat' dir='ltr'>suo,</span> <span class='ocrx_word' id='word_1_162' title='bbox 830 1187 917 1238; x_wconf 90' lang='lat' dir='ltr'>quis</span> <span class='ocrx_word' id='word_1_163' title='bbox 944 1194 1073 1238; x_wconf 81' lang='lat' dir='ltr'>neget,</span> <span class='ocrx_word' id='word_1_164' title='bbox 1104 1200 1239 1227; x_wconf 85' lang='lat' dir='ltr'>omnes</span> 
     </span>
     <span class='ocr_line' id='line_1_21' title="bbox 97 1239 1239 1294; baseline 0.002 -14"><span class='ocrx_word' id='word_1_165' title='bbox 97 1239 214 1291; x_wconf 83' lang='lat' dir='ltr'>leves,</span> <span class='ocrx_word' id='word_1_166' title='bbox 235 1253 370 1280; x_wconf 88' lang='lat' dir='ltr'>omnes</span> <span class='ocrx_word' id='word_1_167' title='bbox 388 1241 563 1294; x_wconf 88' lang='lat' dir='ltr'>cupidos,</span> <span class='ocrx_word' id='word_1_168' title='bbox 583 1253 717 1279; x_wconf 88' lang='lat' dir='ltr'>omnes</span> <span class='ocrx_word' id='word_1_169' title='bbox 735 1241 903 1293; x_wconf 84' lang='lat' dir='ltr'>denique</span> <span class='ocrx_word' id='word_1_170' title='bbox 927 1241 1138 1294; x_wconf 89' lang='lat' dir='ltr'>improbos,</span> <span class='ocrx_word' id='word_1_171' title='bbox 1159 1255 1239 1282; x_wconf 86' lang='lat' dir='ltr'>esse</span> 
     </span>
     <span class='ocr_line' id='line_1_22' title="bbox 98 1298 259 1336; baseline -0.012 -1"><span class='ocrx_word' id='word_1_172' title='bbox 98 1298 259 1336; x_wconf 84' lang='lat' dir='ltr'>servos?</span> 
     </span>
    </p>

    <p class='ocr_par' dir='ltr' id='par_1_3' title="bbox 95 1350 1238 2044">
     <span class='ocr_line' id='line_1_23' title="bbox 153 1350 1238 1402; baseline 0 -13"><span class='ocrx_word' id='word_1_173' title='bbox 153 1350 215 1389; x_wconf 95' lang='lat' dir='ltr'>II</span> <span class='ocrx_word' id='word_1_174' title='bbox 245 1351 316 1390; x_wconf 92' lang='lat' dir='ltr'>An</span> <span class='ocrx_word' id='word_1_175' title='bbox 341 1350 408 1389; x_wconf 86' lang='lat' dir='ltr'>ille</span> <span class='ocrx_word' id='word_1_176' title='bbox 431 1350 532 1388; x_wconf 89' lang='lat' dir='ltr'>mihi</span> <span class='ocrx_word' id='word_1_177' title='bbox 555 1350 667 1400; x_wconf 88' lang='lat' dir='ltr'>liber,</span> <span class='ocrx_word' id='word_1_178' title='bbox 689 1350 752 1389; x_wconf 87' lang='grc'><strong>0111</strong></span> <span class='ocrx_word' id='word_1_179' title='bbox 776 1350 918 1388; x_wconf 87' lang='lat' dir='ltr'>mulier</span> <span class='ocrx_word' id='word_1_180' title='bbox 942 1351 1141 1402; x_wconf 83' lang='lat' dir='ltr'>imperat?</span> <span class='ocrx_word' id='word_1_181' title='bbox 1173 1351 1238 1389; x_wconf 87' lang='grc'><strong>0111</strong></span> 
     </span>
     <span class='ocr_line' id='line_1_24' title="bbox 98 1404 1236 1457; baseline 0 -14"><span class='ocrx_word' id='word_1_182' title='bbox 98 1404 225 1456; x_wconf 67' lang='lat' dir='ltr'>legoe</span> <span class='ocrx_word' id='word_1_183' title='bbox 214 1405 395 1457; x_wconf 80' lang='lat' dir='ltr'>imponit,</span> <span class='ocrx_word' id='word_1_184' title='bbox 411 1405 636 1457; x_wconf 85' lang='lat' dir='ltr'>praescribit,</span> <span class='ocrx_word' id='word_1_185' title='bbox 654 1407 780 1455; x_wconf 89' lang='lat' dir='ltr'>jubet,</span> <span class='ocrx_word' id='word_1_186' title='bbox 796 1413 914 1451; x_wconf 83' lang='lat' dir='ltr'>vetat,</span> <span class='ocrx_word' id='word_1_187' title='bbox 933 1405 1039 1457; x_wconf 89' lang='lat' dir='ltr'>quod</span> <span class='ocrx_word' id='word_1_188' title='bbox 1052 1405 1236 1444; x_wconf 83' lang='lat' dir='ltr'>videtur?</span> 
     </span>
     <span class='ocr_line' id='line_1_25' title="bbox 98 1458 1236 1511; baseline -0.002 -12"><span class='ocrx_word' id='word_1_189' title='bbox 98 1459 168 1511; x_wconf 90' lang='lat' dir='ltr'>qui</span> <span class='ocrx_word' id='word_1_190' title='bbox 186 1459 285 1499; x_wconf 81' lang='lat' dir='ltr'>nihil</span> <span class='ocrx_word' id='word_1_191' title='bbox 301 1459 510 1511; x_wconf 79' lang='lat' dir='ltr'>imperanti</span> <span class='ocrx_word' id='word_1_192' title='bbox 527 1472 668 1511; x_wconf 85' lang='lat' dir='ltr'>negare</span> <span class='ocrx_word' id='word_1_193' title='bbox 686 1467 825 1511; x_wconf 85' lang='lat' dir='ltr'>potest,</span> <span class='ocrx_word' id='word_1_194' title='bbox 846 1458 945 1496; x_wconf 88' lang='grc'><strong>1111111</strong></span> <span class='ocrx_word' id='word_1_195' title='bbox 970 1472 1144 1498; x_wconf 87' lang='lat' dir='ltr'>recusare</span> <span class='ocrx_word' id='word_1_196' title='bbox 1166 1473 1236 1498; x_wconf 85' lang='lat' dir='ltr'>au-</span> 
     </span>
     <span class='ocr_line' id='line_1_26' title="bbox 97 1513 1235 1553; baseline -0.001 -1"><span class='ocrx_word' id='word_1_197' title='bbox 97 1513 197 1552; x_wconf 86' lang='lat' dir='ltr'>det?</span> <span class='ocrx_word' id='word_1_198' title='bbox 251 1514 413 1553; x_wconf 83' lang='lat' dir='ltr'>Poscit?</span> <span class='ocrx_word' id='word_1_199' title='bbox 458 1514 633 1552; x_wconf 82' lang='lat' dir='ltr'>dandum</span> <span class='ocrx_word' id='word_1_200' title='bbox 666 1522 734 1552; x_wconf 87' lang='lat' dir='ltr'>est.</span> <span class='ocrx_word' id='word_1_201' title='bbox 785 1514 911 1551; x_wconf 85' lang='lat' dir='ltr'>Vocat</span> <span class='ocrx_word' id='word_1_202' title='bbox 929 1516 946 1552; x_wconf 70' lang='grc' dir='ltr'><em>Ρ</em></span> <span class='ocrx_word' id='word_1_203' title='bbox 986 1513 1235 1552; x_wconf 83' lang='lat' dir='ltr'>veniendum.</span> 
     </span>
     <span class='ocr_line' id='line_1_27' title="bbox 95 1566 1237 1619; baseline 0 -13"><span class='ocrx_word' id='word_1_204' title='bbox 95 1566 246 1618; x_wconf 80' lang='lat' dir='ltr'>Ejicit?</span> <span class='ocrx_word' id='word_1_205' title='bbox 269 1568 506 1607; x_wconf 89' lang='lat' dir='ltr'>abeundum.</span> <span class='ocrx_word' id='word_1_206' title='bbox 538 1567 746 1606; x_wconf 78' lang='lat' dir='ltr'>Minatur?</span> <span class='ocrx_word' id='word_1_207' title='bbox 771 1568 1114 1606; x_wconf 81' lang='lat' dir='ltr'>extimescendum.</span> <span class='ocrx_word' id='word_1_208' title='bbox 1147 1568 1237 1619; x_wconf 87' lang='lat' dir='ltr'>Ego</span> 
     </span>
     <span class='ocr_line' id='line_1_28' title="bbox 96 1622 1237 1674; baseline -0.001 -13"><span class='ocrx_word' id='word_1_209' title='bbox 96 1635 187 1662; x_wconf 89' lang='lat' dir='ltr'>vero</span> <span class='ocrx_word' id='word_1_210' title='bbox 204 1622 324 1661; x_wconf 81' lang='lat' dir='ltr'>istum</span> <span class='ocrx_word' id='word_1_211' title='bbox 342 1635 422 1662; x_wconf 89' lang='lat' dir='ltr'>non</span> <span class='ocrx_word' id='word_1_212' title='bbox 440 1623 557 1661; x_wconf 87' lang='lat' dir='ltr'>modo</span> <span class='ocrx_word' id='word_1_213' title='bbox 577 1636 746 1670; x_wconf 88' lang='lat' dir='ltr'>servum,</span> <span class='ocrx_word' id='word_1_214' title='bbox 767 1622 834 1660; x_wconf 86' lang='lat' dir='ltr'>sed</span> <span class='ocrx_word' id='word_1_215' title='bbox 855 1622 1139 1674; x_wconf 88' lang='lat' dir='ltr'>nequissimum</span> <span class='ocrx_word' id='word_1_216' title='bbox 1160 1636 1237 1660; x_wconf 89' lang='lat' dir='ltr'>ser-</span> 
     </span>
     <span class='ocr_line' id='line_1_29' title="bbox 96 1677 1236 1729; baseline -0.002 -13"><span class='ocrx_word' id='word_1_217' title='bbox 96 1689 207 1725; x_wconf 86' lang='lat' dir='ltr'>vum,</span> <span class='ocrx_word' id='word_1_218' title='bbox 229 1678 347 1716; x_wconf 89' lang='lat' dir='ltr'>etiam</span> <span class='ocrx_word' id='word_1_219' title='bbox 365 1678 399 1716; x_wconf 93' lang='lat' dir='ltr'>si</span> <span class='ocrx_word' id='word_1_220' title='bbox 415 1677 458 1715; x_wconf 87' lang='lat' dir='ltr'>in</span> <span class='ocrx_word' id='word_1_221' title='bbox 476 1677 717 1729; x_wconf 66' lang='lat' dir='ltr'>amplissima</span> <span class='ocrx_word' id='word_1_222' title='bbox 730 1677 880 1715; x_wconf 61' lang='lat' dir='ltr'>familia</span> <span class='ocrx_word' id='word_1_223' title='bbox 894 1684 1009 1715; x_wconf 89' lang='lat' dir='ltr'>natus</span> <span class='ocrx_word' id='word_1_224' title='bbox 1024 1677 1086 1724; x_wconf 82' lang='lat' dir='ltr'>sit,</span> <span class='ocrx_word' id='word_1_225' title='bbox 1103 1677 1236 1728; x_wconf 86' lang='lat' dir='ltr'>appel-</span> 
     </span>
     <span class='ocr_line' id='line_1_30' title="bbox 96 1731 1238 1785; baseline -0.001 -15"><span class='ocrx_word' id='word_1_226' title='bbox 96 1732 261 1774; x_wconf 86' lang='lat' dir='ltr'>landum</span> <span class='ocrx_word' id='word_1_227' title='bbox 279 1739 387 1785; x_wconf 84' lang='lat' dir='ltr'>puto.</span> <span class='ocrx_word' id='word_1_228' title='bbox 428 1732 579 1784; x_wconf 90' lang='lat' dir='ltr'>Atque,</span> <span class='ocrx_word' id='word_1_229' title='bbox 600 1739 645 1770; x_wconf 92' lang='lat' dir='ltr'>ut</span> <span class='ocrx_word' id='word_1_230' title='bbox 668 1731 710 1769; x_wconf 90' lang='lat' dir='ltr'>in</span> <span class='ocrx_word' id='word_1_231' title='bbox 728 1731 874 1783; x_wconf 64' lang='lat' dir='ltr'>magna</span> <span class='ocrx_word' id='word_1_232' title='bbox 891 1731 1043 1769; x_wconf 59' lang='lat' dir='ltr'>familia</span> <span class='ocrx_word' id='word_1_233' title='bbox 1062 1739 1153 1770; x_wconf 82' lang='lat' dir='ltr'>sunt</span> <span class='ocrx_word' id='word_1_234' title='bbox 1172 1731 1238 1769; x_wconf 87' lang='lat' dir='ltr'>alii</span> 
     </span>
     <span class='ocr_line' id='line_1_31' title="bbox 97 1785 1235 1848; baseline -0.001 -24"><span class='ocrx_word' id='word_1_235' title='bbox 97 1786 278 1826; x_wconf 86' lang='lat' dir='ltr'>lautiores</span> <span class='ocrx_word' id='word_1_236' title='bbox 309 1789 371 1831; x_wconf 90' lang='lat' dir='ltr'>(ut</span> <span class='ocrx_word' id='word_1_237' title='bbox 401 1786 474 1825; x_wconf 85' lang='lat' dir='ltr'>sibi</span> <span class='ocrx_word' id='word_1_238' title='bbox 503 1786 699 1848; x_wconf 82' lang='lat' dir='ltr'>videntur)</span> <span class='ocrx_word' id='word_1_239' title='bbox 731 1786 843 1833; x_wconf 83' lang='lat' dir='ltr'>servi,</span> <span class='ocrx_word' id='word_1_240' title='bbox 874 1785 940 1824; x_wconf 88' lang='lat' dir='ltr'>sed</span> <span class='ocrx_word' id='word_1_241' title='bbox 965 1794 1097 1824; x_wconf 84' lang='lat' dir='ltr'>tamen</span> <span class='ocrx_word' id='word_1_242' title='bbox 1123 1786 1235 1834; x_wconf 82' lang='lat' dir='ltr'>servi,</span> 
     </span>
     <span class='ocr_line' id='line_1_32' title="bbox 97 1840 1235 1894; baseline -0.001 -15"><span class='ocrx_word' id='word_1_243' title='bbox 97 1842 280 1880; x_wconf 78' lang='lat' dir='ltr'>atrienses</span> <span class='ocrx_word' id='word_1_244' title='bbox 298 1855 344 1880; x_wconf 87' lang='grc'>30</span> <span class='ocrx_word' id='word_1_245' title='bbox 361 1841 541 1894; x_wconf 79' lang='lat' dir='ltr'>topiarii3</span> <span class='ocrx_word' id='word_1_246' title='bbox 570 1841 656 1892; x_wconf 86' lang='lat' dir='ltr'>pari</span> <span class='ocrx_word' id='word_1_247' title='bbox 678 1840 842 1879; x_wconf 81' lang='lat' dir='ltr'>stultitia</span> <span class='ocrx_word' id='word_1_248' title='bbox 868 1848 972 1888; x_wconf 88' lang='lat' dir='ltr'>sunt,</span> <span class='ocrx_word' id='word_1_249' title='bbox 994 1854 1091 1892; x_wconf 92' lang='lat' dir='ltr'>quos</span> <span class='ocrx_word' id='word_1_250' title='bbox 1111 1841 1235 1891; x_wconf 86' lang='lat' dir='ltr'>signa,</span> 
     </span>
     <span class='ocr_line' id='line_1_33' title="bbox 99 1894 1237 1948; baseline -0.002 -14"><span class='ocrx_word' id='word_1_251' title='bbox 99 1909 197 1948; x_wconf 89' lang='lat' dir='ltr'>quos</span> <span class='ocrx_word' id='word_1_252' title='bbox 228 1897 387 1945; x_wconf 85' lang='lat' dir='ltr'>tabulae,</span> <span class='ocrx_word' id='word_1_253' title='bbox 422 1908 519 1948; x_wconf 90' lang='lat' dir='ltr'>quos</span> <span class='ocrx_word' id='word_1_254' title='bbox 556 1896 736 1934; x_wconf 88' lang='lat' dir='ltr'>caelatum</span> <span class='ocrx_word' id='word_1_255' title='bbox 773 1902 992 1946; x_wconf 85' lang='lat' dir='ltr'>argentum,</span> <span class='ocrx_word' id='word_1_256' title='bbox 1029 1908 1126 1946; x_wconf 91' lang='lat' dir='ltr'>quos</span> <span class='ocrx_word' id='word_1_257' title='bbox 1160 1894 1237 1933; x_wconf 86' lang='lat' dir='ltr'>Co-</span> 
     </span>
     <span class='ocr_line' id='line_1_34' title="bbox 98 1948 1237 2003; baseline -0.001 -15"><span class='ocrx_word' id='word_1_258' title='bbox 98 1950 244 1990; x_wconf 78' lang='lat' dir='ltr'>rinthia</span> <span class='ocrx_word' id='word_1_259' title='bbox 267 1964 398 2003; x_wconf 90' lang='lat' dir='ltr'>opera,</span> <span class='ocrx_word' id='word_1_260' title='bbox 419 1963 517 2002; x_wconf 90' lang='lat' dir='ltr'>quos</span> <span class='ocrx_word' id='word_1_261' title='bbox 541 1950 702 1989; x_wconf 75' lang='lat' dir='ltr'>aedjficia</span> <span class='ocrx_word' id='word_1_262' title='bbox 727 1948 949 2001; x_wconf 85' lang='lat' dir='ltr'>magnifica,</span> <span class='ocrx_word' id='word_1_263' title='bbox 976 1949 1098 1988; x_wconf 89' lang='grc'><strong>11111110</strong></span> <span class='ocrx_word' id='word_1_264' title='bbox 1123 1962 1237 2001; x_wconf 86' lang='lat' dir='ltr'>opere</span> 
     </span>
     <span class='ocr_line' id='line_1_35' title="bbox 100 2004 304 2044; baseline 0.005 -1"><span class='ocrx_word' id='word_1_265' title='bbox 100 2004 304 2044; x_wconf 78' lang='lat' dir='ltr'>delectant.</span> 
     </span>
    </p>

    <p class='ocr_par' dir='ltr' id='par_1_4' title="bbox 101 2057 1237 2221">
     <span class='ocr_line' id='line_1_36' title="bbox 157 2057 1237 2112; baseline -0.004 -13"><span class='ocrx_word' id='word_1_266' title='bbox 157 2062 188 2083; x_wconf 83' lang='lat'>“</span> <span class='ocrx_word' id='word_1_267' title='bbox 206 2060 267 2099; x_wconf 85' lang='lat' dir='ltr'>At</span> <span class='ocrx_word' id='word_1_268' title='bbox 299 2059 479 2109; x_wconf 88' lang='lat' dir='ltr'>sumus,&#39;’</span> <span class='ocrx_word' id='word_1_269' title='bbox 511 2059 711 2112; x_wconf 86' lang='lat' dir='ltr'>inquiunt,</span> <span class='ocrx_word' id='word_1_270' title='bbox 748 2061 777 2082; x_wconf 84' lang='lat'><strong>“</strong></span> <span class='ocrx_word' id='word_1_271' title='bbox 804 2058 968 2098; x_wconf 81' lang='lat' dir='ltr'>civitatis</span> <span class='ocrx_word' id='word_1_272' title='bbox 1000 2057 1237 2110; x_wconf 56' lang='lat' dir='ltr'>principesss’</span> 
     </span>
     <span class='ocr_line' id='line_1_37' title="bbox 101 2112 1238 2166; baseline -0.003 -13"><span class='ocrx_word' id='word_1_273' title='bbox 101 2114 185 2153; x_wconf 92' lang='lat' dir='ltr'>Vos</span> <span class='ocrx_word' id='word_1_274' title='bbox 210 2127 300 2153; x_wconf 90' lang='lat' dir='ltr'>vero</span> <span class='ocrx_word' id='word_1_275' title='bbox 325 2127 375 2153; x_wconf 89' lang='lat' dir='ltr'>ne</span> <span class='ocrx_word' id='word_1_276' title='bbox 399 2127 669 2153; x_wconf 87' lang='lat' dir='ltr'>conservorum</span> <span class='ocrx_word' id='word_1_277' title='bbox 698 2113 858 2166; x_wconf 90' lang='lat' dir='ltr'>quidem</span> <span class='ocrx_word' id='word_1_278' title='bbox 884 2121 1100 2152; x_wconf 70' lang='lat' dir='ltr'>vestromm</span> <span class='ocrx_word' id='word_1_279' title='bbox 1129 2112 1238 2164; x_wconf 85' lang='lat' dir='ltr'>prin-</span> 
     </span>
     <span class='ocr_line' id='line_1_38' title="bbox 101 2167 1237 2221; baseline -0.004 -12"><span class='ocrx_word' id='word_1_280' title='bbox 101 2169 202 2221; x_wconf 86' lang='lat' dir='ltr'>cipes</span> <span class='ocrx_word' id='word_1_281' title='bbox 222 2169 322 2208; x_wconf 86' lang='lat' dir='ltr'>estis.</span> <span class='ocrx_word' id='word_1_282' title='bbox 352 2168 444 2218; x_wconf 86' lang='lat' dir='ltr'>Sed,</span> <span class='ocrx_word' id='word_1_283' title='bbox 464 2176 523 2219; x_wconf 84' lang='lat' dir='ltr'>ut,</span> <span class='ocrx_word' id='word_1_284' title='bbox 543 2169 585 2209; x_wconf 88' lang='lat' dir='ltr'>in</span> <span class='ocrx_word' id='word_1_285' title='bbox 603 2168 768 2217; x_wconf 82' lang='lat' dir='ltr'>familia,</span> <span class='ocrx_word' id='word_1_286' title='bbox 788 2167 858 2220; x_wconf 92' lang='lat' dir='ltr'>qui</span> <span class='ocrx_word' id='word_1_287' title='bbox 877 2176 1040 2207; x_wconf 85' lang='lat' dir='ltr'>tractant</span> <span class='ocrx_word' id='word_1_288' title='bbox 1059 2167 1147 2216; x_wconf 84' lang='lat' dir='ltr'>ista,</span> <span class='ocrx_word' id='word_1_289' title='bbox 1168 2167 1237 2219; x_wconf 86' lang='lat' dir='ltr'>qui</span> 
     </span>
    </p>

    <p class='ocr_par' dir='ltr' id='par_1_5' title="bbox 769 2224 903 2261">
     <span class='ocr_line' id='line_1_39' title="bbox 769 2224 903 2261; baseline 0 0"><span class='ocrx_word' id='word_1_290' title='bbox 769 2225 794 2261; x_wconf 79' lang='lat'><strong>2</strong></span> <span class='ocrx_word' id='word_1_291' title='bbox 817 2234 848 2261; x_wconf 74' lang='lat' dir='ltr'>N</span> <span class='ocrx_word' id='word_1_292' title='bbox 877 2224 903 2261; x_wconf 85' lang='lat'><strong>3</strong></span> 
     </span>
    </p>
   </div>
  </div>
 </body>
</html>
