<?xml version="1.0" encoding="UTF-8"?>
<!DOCTYPE html PUBLIC "-//W3C//DTD XHTML 1.0 Transitional//EN"
    "http://www.w3.org/TR/xhtml1/DTD/xhtml1-transitional.dtd">
<html xmlns="http://www.w3.org/1999/xhtml" xml:lang="en" lang="en">
 <head>
  <title>
</title>
<meta http-equiv="Content-Type" content="text/html;charset=utf-8" />
  <meta name='ocr-system' content='tesseract 3.04.00' />
  <meta name='ocr-capabilities' content='ocr_page ocr_carea ocr_par ocr_line ocrx_word'/>
</head>
<body>
  <div class='ocr_page' id='page_1' title='image "./operaern04ciceuoft_0183.png"; bbox 0 0 1470 2402; ppageno 0'>
   <div class='ocr_carea' id='block_1_1' title="bbox 257 68 1281 117">
    <p class='ocr_par' dir='ltr' id='par_1_1' title="bbox 257 68 1281 117">
     <span class='ocr_line' id='line_1_1' title="bbox 257 68 1281 117; baseline 0.002 -9"><span class='ocrx_word' id='word_1_1' title='bbox 257 68 336 108; x_wconf 90' lang='lat' dir='ltr'>DE</span> <span class='ocrx_word' id='word_1_2' title='bbox 365 68 630 117; x_wconf 85' lang='lat' dir='ltr'>LEGIBUS,</span> <span class='ocrx_word' id='word_1_3' title='bbox 651 69 752 108; x_wconf 82' lang='lat' dir='ltr'><strong>LIB.</strong></span> <span class='ocrx_word' id='word_1_4' title='bbox 774 70 832 109; x_wconf 90' lang='grc' dir='ltr'>Π.</span> <span class='ocrx_word' id='word_1_5' title='bbox 854 69 960 109; x_wconf 77' lang='lat' dir='ltr'>CAP.</span> <span class='ocrx_word' id='word_1_6' title='bbox 985 70 1046 109; x_wconf 87' lang='lat'>16.</span> <span class='ocrx_word' id='word_1_7' title='bbox 1135 71 1213 111; x_wconf 78' lang='lat'>169</span> <span class='ocrx_word' id='word_1_8' title='bbox 1275 94 1281 97; x_wconf 90' lang='lat'><em>-</em></span> 
     </span>
    </p>
   </div>
   <div class='ocr_carea' id='block_1_2' title="bbox 79 178 1214 2295">
    <p class='ocr_par' dir='ltr' id='par_1_2' title="bbox 80 178 1214 1247">
     <span class='ocr_line' id='line_1_2' title="bbox 86 178 1212 231; baseline 0.003 -16"><span class='ocrx_word' id='word_1_9' title='bbox 86 188 175 216; x_wconf 81' lang='lat' dir='ltr'>vare</span> <span class='ocrx_word' id='word_1_10' title='bbox 205 178 392 217; x_wconf 85' lang='lat' dir='ltr'>modum.</span> <span class='ocrx_word' id='word_1_11' title='bbox 422 191 588 230; x_wconf 85' lang='lat' dir='ltr'>quarum</span> <span class='ocrx_word' id='word_1_12' title='bbox 615 191 755 226; x_wconf 89' lang='lat' dir='ltr'>mores,</span> <span class='ocrx_word' id='word_1_13' title='bbox 784 179 883 231; x_wconf 86' lang='lat' dir='ltr'>lapsi</span> <span class='ocrx_word' id='word_1_14' title='bbox 911 178 961 217; x_wconf 86' lang='lat' dir='ltr'>ad</span> <span class='ocrx_word' id='word_1_15' title='bbox 992 179 1212 229; x_wconf 88' lang='lat' dir='ltr'>mollitiem,</span> 
     </span>
     <span class='ocr_line' id='line_1_3' title="bbox 86 231 1213 282; baseline 0.003 -13"><span class='ocrx_word' id='word_1_16' title='bbox 86 231 228 282; x_wconf 83' lang='lat' dir='ltr'>pariter</span> <span class='ocrx_word' id='word_1_17' title='bbox 255 241 345 271; x_wconf 91' lang='lat' dir='ltr'>sunt</span> <span class='ocrx_word' id='word_1_18' title='bbox 362 233 559 271; x_wconf 85' lang='lat' dir='ltr'>immutati</span> <span class='ocrx_word' id='word_1_19' title='bbox 577 246 667 272; x_wconf 88' lang='lat' dir='ltr'>cum</span> <span class='ocrx_word' id='word_1_20' title='bbox 686 234 873 282; x_wconf 81' lang='lat' dir='ltr'>cantibus,</span> <span class='ocrx_word' id='word_1_21' title='bbox 902 241 971 271; x_wconf 89' lang='lat' dir='ltr'>aut</span> <span class='ocrx_word' id='word_1_22' title='bbox 991 234 1063 272; x_wconf 86' lang='lat' dir='ltr'>hac</span> <span class='ocrx_word' id='word_1_23' title='bbox 1082 234 1213 273; x_wconf 85' lang='lat' dir='ltr'>dulce-</span> 
     </span>
     <span class='ocr_line' id='line_1_4' title="bbox 87 285 1210 349; baseline 0.002 -25"><span class='ocrx_word' id='word_1_24' title='bbox 87 285 177 324; x_wconf 78' lang='lat' dir='ltr'>dine</span> <span class='ocrx_word' id='word_1_25' title='bbox 206 288 499 339; x_wconf 85' lang='lat' dir='ltr'>corruptelaque</span> <span class='ocrx_word' id='word_1_26' title='bbox 529 287 739 339; x_wconf 86' lang='lat' dir='ltr'>depravati,</span> <span class='ocrx_word' id='word_1_27' title='bbox 771 295 816 326; x_wconf 88' lang='lat' dir='ltr'>ut</span> <span class='ocrx_word' id='word_1_28' title='bbox 848 288 1007 349; x_wconf 87' lang='lat' dir='ltr'>quidam</span> <span class='ocrx_word' id='word_1_29' title='bbox 1041 296 1210 339; x_wconf 74' lang='lat' dir='ltr'>putant:</span> 
     </span>
     <span class='ocr_line' id='line_1_5' title="bbox 87 342 1212 389; baseline 0.003 -12"><span class='ocrx_word' id='word_1_30' title='bbox 87 347 169 387; x_wconf 86' lang='lat' dir='ltr'>aut,</span> <span class='ocrx_word' id='word_1_31' title='bbox 192 354 281 379; x_wconf 90' lang='lat' dir='ltr'>cum</span> <span class='ocrx_word' id='word_1_32' title='bbox 301 342 477 380; x_wconf 84' lang='lat' dir='ltr'>severitas</span> <span class='ocrx_word' id='word_1_33' title='bbox 490 354 622 380; x_wconf 88' lang='lat' dir='ltr'>eorum</span> <span class='ocrx_word' id='word_1_34' title='bbox 637 344 685 380; x_wconf 92' lang='lat' dir='ltr'>ob</span> <span class='ocrx_word' id='word_1_35' title='bbox 705 342 780 380; x_wconf 87' lang='lat' dir='ltr'>alia</span> <span class='ocrx_word' id='word_1_36' title='bbox 799 343 890 380; x_wconf 85' lang='lat' dir='ltr'>vitia</span> <span class='ocrx_word' id='word_1_37' title='bbox 906 343 1110 389; x_wconf 76' lang='lat' dir='ltr'><strong>cecidisset,</strong></span> <span class='ocrx_word' id='word_1_38' title='bbox 1126 350 1212 381; x_wconf 88' lang='lat' dir='ltr'>tum</span> 
     </span>
     <span class='ocr_line' id='line_1_6' title="bbox 85 393 1212 448; baseline 0.003 -17"><span class='ocrx_word' id='word_1_39' title='bbox 85 393 199 432; x_wconf 55' lang='lat' dir='ltr'>fuit*</span> <span class='ocrx_word' id='word_1_40' title='bbox 188 408 230 432; x_wconf 86' lang='lat'>111</span> <span class='ocrx_word' id='word_1_41' title='bbox 249 397 405 435; x_wconf 87' lang='lat' dir='ltr'>auribus</span> <span class='ocrx_word' id='word_1_42' title='bbox 425 396 639 448; x_wconf 73' lang='lat' dir='ltr'>animisque</span> <span class='ocrx_word' id='word_1_43' title='bbox 660 397 819 435; x_wconf 83' lang='lat' dir='ltr'>mutatis</span> <span class='ocrx_word' id='word_1_44' title='bbox 839 397 953 435; x_wconf 84' lang='lat' dir='ltr'>etiam</span> <span class='ocrx_word' id='word_1_45' title='bbox 972 396 1063 435; x_wconf 89' lang='lat' dir='ltr'>huic</span> <span class='ocrx_word' id='word_1_46' title='bbox 1082 404 1212 434; x_wconf 86' lang='lat' dir='ltr'>muta-</span> 
     </span>
     <span class='ocr_line' id='line_1_7' title="bbox 84 447 1211 502; baseline 0.002 -16"><span class='ocrx_word' id='word_1_47' title='bbox 84 447 181 486; x_wconf 89' lang='lat' dir='ltr'>tioni</span> <span class='ocrx_word' id='word_1_48' title='bbox 198 449 316 488; x_wconf 86' lang='lat' dir='ltr'>locus.</span> <span class='ocrx_word' id='word_1_49' title='bbox 352 451 620 499; x_wconf 87' lang='lat' dir='ltr'>Quamobrem</span> <span class='ocrx_word' id='word_1_50' title='bbox 638 451 704 489; x_wconf 84' lang='lat' dir='ltr'>ille</span> <span class='ocrx_word' id='word_1_51' title='bbox 731 451 887 502; x_wconf 86' lang='lat' dir='ltr'>quidem</span> <span class='ocrx_word' id='word_1_52' title='bbox 907 451 1211 502; x_wconf 87' lang='lat' dir='ltr'>sapientissimus</span> 
     </span>
     <span class='ocr_line' id='line_1_8' title="bbox 86 502 1210 567; baseline 0.003 -27"><span class='ocrx_word' id='word_1_53' title='bbox 86 502 246 541; x_wconf 85' lang='lat' dir='ltr'>Graeciae</span> <span class='ocrx_word' id='word_1_54' title='bbox 260 504 330 552; x_wconf 89' lang='lat' dir='ltr'>vir,</span> <span class='ocrx_word' id='word_1_55' title='bbox 352 506 542 567; x_wconf 88' lang='lat' dir='ltr'>longeque</span> <span class='ocrx_word' id='word_1_56' title='bbox 561 505 815 553; x_wconf 87' lang='lat' dir='ltr'>doctissimus,</span> <span class='ocrx_word' id='word_1_57' title='bbox 837 506 946 544; x_wconf 88' lang='lat' dir='ltr'>valde</span> <span class='ocrx_word' id='word_1_58' title='bbox 965 506 1064 544; x_wconf 87' lang='lat' dir='ltr'>hanc</span> <span class='ocrx_word' id='word_1_59' title='bbox 1082 506 1210 543; x_wconf 90' lang='lat' dir='ltr'>labem</span> 
     </span>
     <span class='ocr_line' id='line_1_9' title="bbox 83 559 1214 612; baseline 0.003 -17"><span class='ocrx_word' id='word_1_60' title='bbox 83 565 247 596; x_wconf 84' lang='lat' dir='ltr'>veretur.</span> <span class='ocrx_word' id='word_1_61' title='bbox 279 559 412 610; x_wconf 87' lang='lat' dir='ltr'>Negat</span> <span class='ocrx_word' id='word_1_62' title='bbox 431 560 534 598; x_wconf 88' lang='lat' dir='ltr'>enim</span> <span class='ocrx_word' id='word_1_63' title='bbox 553 560 697 598; x_wconf 87' lang='lat' dir='ltr'>mutari</span> <span class='ocrx_word' id='word_1_64' title='bbox 711 573 820 612; x_wconf 89' lang='lat' dir='ltr'>posse</span> <span class='ocrx_word' id='word_1_65' title='bbox 833 560 998 598; x_wconf 85' lang='lat' dir='ltr'>musicas</span> <span class='ocrx_word' id='word_1_66' title='bbox 1013 560 1116 611; x_wconf 64' lang='lat' dir='ltr'>leges</span> <span class='ocrx_word' id='word_1_67' title='bbox 1131 560 1214 598; x_wconf 88' lang='lat' dir='ltr'>sine</span> 
     </span>
     <span class='ocr_line' id='line_1_10' title="bbox 83 612 1211 666; baseline 0.003 -17"><span class='ocrx_word' id='word_1_68' title='bbox 83 612 297 651; x_wconf 81' lang='lat' dir='ltr'>mutatione</span> <span class='ocrx_word' id='word_1_69' title='bbox 321 614 454 665; x_wconf 85' lang='lat' dir='ltr'>legum</span> <span class='ocrx_word' id='word_1_70' title='bbox 480 615 735 666; x_wconf 88' lang='lat' dir='ltr'>publicarum.</span> <span class='ocrx_word' id='word_1_71' title='bbox 765 615 854 665; x_wconf 88' lang='lat' dir='ltr'>Ego</span> <span class='ocrx_word' id='word_1_72' title='bbox 879 622 1010 653; x_wconf 89' lang='lat' dir='ltr'>autem</span> <span class='ocrx_word' id='word_1_73' title='bbox 1034 627 1104 653; x_wconf 92' lang='lat' dir='ltr'>nec</span> <span class='ocrx_word' id='word_1_74' title='bbox 1129 622 1211 652; x_wconf 82' lang='lat' dir='ltr'>tam</span> 
     </span>
     <span class='ocr_line' id='line_1_11' title="bbox 83 666 1211 720; baseline 0.002 -16"><span class='ocrx_word' id='word_1_75' title='bbox 83 666 194 704; x_wconf 87' lang='lat' dir='ltr'>valde</span> <span class='ocrx_word' id='word_1_76' title='bbox 212 667 253 705; x_wconf 92' lang='lat' dir='ltr'>id</span> <span class='ocrx_word' id='word_1_77' title='bbox 271 667 503 717; x_wconf 84' lang='lat' dir='ltr'>timendum,</span> <span class='ocrx_word' id='word_1_78' title='bbox 524 681 593 707; x_wconf 92' lang='lat' dir='ltr'>nec</span> <span class='ocrx_word' id='word_1_79' title='bbox 611 670 725 720; x_wconf 86' lang='lat' dir='ltr'>plane</span> <span class='ocrx_word' id='word_1_80' title='bbox 744 669 1081 716; x_wconf 89' lang='lat' dir='ltr'>contemnendum,</span> <span class='ocrx_word' id='word_1_81' title='bbox 1102 676 1211 720; x_wconf 89' lang='lat' dir='ltr'>puto.</span> 
     </span>
     <span class='ocr_line' id='line_1_12' title="bbox 84 719 1213 775; baseline 0.003 -17"><span class='ocrx_word' id='word_1_82' title='bbox 84 719 162 758; x_wconf 84' lang='lat' dir='ltr'>Illa</span> <span class='ocrx_word' id='word_1_83' title='bbox 176 721 347 772; x_wconf 83' lang='lat' dir='ltr'>quidem,</span> <span class='ocrx_word' id='word_1_84' title='bbox 365 736 452 774; x_wconf 89' lang='lat' dir='ltr'>quae</span> <span class='ocrx_word' id='word_1_85' title='bbox 464 724 636 761; x_wconf 90' lang='lat' dir='ltr'>solebant</span> <span class='ocrx_word' id='word_1_86' title='bbox 655 723 852 775; x_wconf 89' lang='lat' dir='ltr'>quondam</span> <span class='ocrx_word' id='word_1_87' title='bbox 871 723 1055 775; x_wconf 90' lang='lat' dir='ltr'>compleri</span> <span class='ocrx_word' id='word_1_88' title='bbox 1074 723 1213 761; x_wconf 89' lang='lat' dir='ltr'>severi-</span> 
     </span>
     <span class='ocr_line' id='line_1_13' title="bbox 82 776 1211 825; baseline 0.003 -13"><span class='ocrx_word' id='word_1_89' title='bbox 82 781 161 812; x_wconf 85' lang='lat' dir='ltr'>tate</span> <span class='ocrx_word' id='word_1_90' title='bbox 177 776 351 825; x_wconf 84' lang='lat' dir='ltr'>jucunda</span> <span class='ocrx_word' id='word_1_91' title='bbox 371 777 544 816; x_wconf 87' lang='lat' dir='ltr'>Livianis</span> <span class='ocrx_word' id='word_1_92' title='bbox 570 785 607 816; x_wconf 91' lang='lat' dir='ltr'>et</span> <span class='ocrx_word' id='word_1_93' title='bbox 627 778 825 816; x_wconf 84' lang='lat' dir='ltr'>Naevianis</span> <span class='ocrx_word' id='word_1_94' title='bbox 843 777 996 823; x_wconf 78' lang='lat' dir='ltr'>modis3</span> <span class='ocrx_word' id='word_1_95' title='bbox 1027 789 1144 825; x_wconf 91' lang='lat' dir='ltr'>nunc,</span> <span class='ocrx_word' id='word_1_96' title='bbox 1165 784 1211 815; x_wconf 92' lang='lat' dir='ltr'>ut</span> 
     </span>
     <span class='ocr_line' id='line_1_14' title="bbox 84 829 1212 883; baseline 0.003 -17"><span class='ocrx_word' id='word_1_97' title='bbox 84 829 218 868; x_wconf 85' lang='lat' dir='ltr'>eadem</span> <span class='ocrx_word' id='word_1_98' title='bbox 234 831 439 879; x_wconf 85' lang='lat' dir='ltr'>exsultent,</span> <span class='ocrx_word' id='word_1_99' title='bbox 461 832 621 870; x_wconf 87' lang='lat' dir='ltr'>cervices</span> <span class='ocrx_word' id='word_1_100' title='bbox 639 832 844 883; x_wconf 89' lang='lat' dir='ltr'>oculosque</span> <span class='ocrx_word' id='word_1_101' title='bbox 863 832 1004 883; x_wconf 88' lang='lat' dir='ltr'>pariter</span> <span class='ocrx_word' id='word_1_102' title='bbox 1018 844 1107 870; x_wconf 91' lang='lat' dir='ltr'>cum</span> <span class='ocrx_word' id='word_1_103' title='bbox 1125 844 1212 870; x_wconf 89' lang='lat' dir='ltr'>mo-</span> 
     </span>
     <span class='ocr_line' id='line_1_15' title="bbox 82 883 1209 938; baseline 0.004 -18"><span class='ocrx_word' id='word_1_104' title='bbox 82 883 222 922; x_wconf 87' lang='lat' dir='ltr'>dorum</span> <span class='ocrx_word' id='word_1_105' title='bbox 240 885 469 924; x_wconf 82' lang='lat' dir='ltr'>flexionibus</span> <span class='ocrx_word' id='word_1_106' title='bbox 488 893 679 938; x_wconf 87' lang='lat' dir='ltr'>torquent.</span> <span class='ocrx_word' id='word_1_107' title='bbox 725 886 903 924; x_wconf 81' lang='lat' dir='ltr'>Graviter</span> <span class='ocrx_word' id='word_1_108' title='bbox 921 886 1015 924; x_wconf 88' lang='lat' dir='ltr'>olim</span> <span class='ocrx_word' id='word_1_109' title='bbox 1034 886 1107 924; x_wconf 89' lang='lat' dir='ltr'>ista</span> <span class='ocrx_word' id='word_1_110' title='bbox 1124 886 1209 924; x_wconf 90' lang='lat' dir='ltr'>vin-</span> 
     </span>
     <span class='ocr_line' id='line_1_16' title="bbox 82 937 1210 1001; baseline 0.003 -26"><span class='ocrx_word' id='word_1_111' title='bbox 82 937 232 976; x_wconf 85' lang='lat' dir='ltr'>dicabat</span> <span class='ocrx_word' id='word_1_112' title='bbox 247 946 355 977; x_wconf 92' lang='lat' dir='ltr'>vetus</span> <span class='ocrx_word' id='word_1_113' title='bbox 374 940 441 978; x_wconf 89' lang='lat' dir='ltr'>illa</span> <span class='ocrx_word' id='word_1_114' title='bbox 456 940 617 1001; x_wconf 65' lang='lat' dir='ltr'>Graecia,</span> <span class='ocrx_word' id='word_1_115' title='bbox 633 941 746 1001; x_wconf 82' lang='lat' dir='ltr'>longe</span> <span class='ocrx_word' id='word_1_116' title='bbox 761 940 977 991; x_wconf 89' lang='lat' dir='ltr'>providens,</span> <span class='ocrx_word' id='word_1_117' title='bbox 992 953 1111 991; x_wconf 91' lang='lat' dir='ltr'>quam</span> <span class='ocrx_word' id='word_1_118' title='bbox 1124 953 1210 978; x_wconf 89' lang='lat' dir='ltr'>sen-</span> 
     </span>
     <span class='ocr_line' id='line_1_17' title="bbox 82 991 1211 1046; baseline 0.004 -17"><span class='ocrx_word' id='word_1_119' title='bbox 82 991 155 1029; x_wconf 88' lang='lat' dir='ltr'>sim</span> <span class='ocrx_word' id='word_1_120' title='bbox 184 992 381 1044; x_wconf 85' lang='lat' dir='ltr'>pernicies,</span> <span class='ocrx_word' id='word_1_121' title='bbox 412 995 548 1046; x_wconf 90' lang='lat' dir='ltr'>illapsa</span> <span class='ocrx_word' id='word_1_122' title='bbox 574 994 717 1033; x_wconf 88' lang='lat' dir='ltr'>civium</span> <span class='ocrx_word' id='word_1_123' title='bbox 747 994 908 1041; x_wconf 83' lang='lat' dir='ltr'>animos,</span> <span class='ocrx_word' id='word_1_124' title='bbox 933 995 1046 1032; x_wconf 87' lang='lat' dir='ltr'>malis</span> <span class='ocrx_word' id='word_1_125' title='bbox 1075 994 1211 1033; x_wconf 80' lang='lat' dir='ltr'>studiis</span> 
     </span>
     <span class='ocr_line' id='line_1_18' title="bbox 81 1047 1207 1101; baseline 0.003 -18"><span class='ocrx_word' id='word_1_126' title='bbox 81 1047 270 1098; x_wconf 83' lang='lat' dir='ltr'>malisque</span> <span class='ocrx_word' id='word_1_127' title='bbox 295 1048 474 1087; x_wconf 87' lang='lat' dir='ltr'>doctrinis</span> <span class='ocrx_word' id='word_1_128' title='bbox 500 1056 654 1101; x_wconf 90' lang='lat' dir='ltr'>repente</span> <span class='ocrx_word' id='word_1_129' title='bbox 679 1056 778 1086; x_wconf 90' lang='lat' dir='ltr'>totas</span> <span class='ocrx_word' id='word_1_130' title='bbox 803 1049 972 1087; x_wconf 82' lang='lat' dir='ltr'>civitates</span> <span class='ocrx_word' id='word_1_131' title='bbox 998 1056 1207 1087; x_wconf 85' lang='lat' dir='ltr'>everteret.</span> 
     </span>
     <span class='ocr_line' id='line_1_19' title="bbox 81 1100 1209 1154; baseline 0.004 -17"><span class='ocrx_word' id='word_1_132' title='bbox 81 1100 271 1151; x_wconf 89' lang='lat' dir='ltr'>siquidem</span> <span class='ocrx_word' id='word_1_133' title='bbox 285 1102 354 1140; x_wconf 87' lang='lat' dir='ltr'>illa</span> <span class='ocrx_word' id='word_1_134' title='bbox 371 1116 500 1142; x_wconf 87' lang='lat' dir='ltr'>severa</span> <span class='ocrx_word' id='word_1_135' title='bbox 519 1102 774 1142; x_wconf 81' lang='lat' dir='ltr'>Lacedaemon</span> <span class='ocrx_word' id='word_1_136' title='bbox 793 1115 926 1141; x_wconf 89' lang='lat' dir='ltr'>nervos</span> <span class='ocrx_word' id='word_1_137' title='bbox 942 1104 1070 1153; x_wconf 78' lang='lat' dir='ltr'>jussit,</span> <span class='ocrx_word' id='word_1_138' title='bbox 1104 1102 1209 1154; x_wconf 83' lang='lat' dir='ltr'>quod</span> 
     </span>
     <span class='ocr_line' id='line_1_20' title="bbox 80 1155 1209 1210; baseline 0.004 -18"><span class='ocrx_word' id='word_1_139' title='bbox 80 1155 209 1205; x_wconf 89' lang='lat' dir='ltr'>plures</span> <span class='ocrx_word' id='word_1_140' title='bbox 239 1170 359 1208; x_wconf 88' lang='lat' dir='ltr'>quam</span> <span class='ocrx_word' id='word_1_141' title='bbox 389 1166 534 1210; x_wconf 89' lang='lat' dir='ltr'>septem</span> <span class='ocrx_word' id='word_1_142' title='bbox 560 1158 730 1207; x_wconf 86' lang='lat' dir='ltr'>haberet,</span> <span class='ocrx_word' id='word_1_143' title='bbox 762 1157 803 1195; x_wconf 86' lang='lat' dir='ltr'>in</span> <span class='ocrx_word' id='word_1_144' title='bbox 835 1157 1035 1196; x_wconf 77' lang='lat' dir='ltr'>Timothei</span> <span class='ocrx_word' id='word_1_145' title='bbox 1067 1157 1209 1196; x_wconf 89' lang='lat' dir='ltr'>fidibus</span> 
     </span>
     <span class='ocr_line' id='line_1_21' title="bbox 83 1208 200 1248; baseline 0.01 -2"><span class='ocrx_word' id='word_1_146' title='bbox 83 1208 200 1248; x_wconf 89' lang='lat' dir='ltr'>demi.</span> 
     </span>
    </p>

    <p class='ocr_par' dir='ltr' id='par_1_3' title="bbox 79 1263 1211 2243">
     <span class='ocr_line' id='line_1_22' title="bbox 133 1263 1210 1318; baseline 0.003 -16"><span class='ocrx_word' id='word_1_147' title='bbox 133 1263 254 1303; x_wconf 91' lang='lat' dir='ltr'>XVI.</span> <span class='ocrx_word' id='word_1_148' title='bbox 294 1264 487 1318; x_wconf 88' lang='lat' dir='ltr'>Deinceps</span> <span class='ocrx_word' id='word_1_149' title='bbox 512 1267 553 1305; x_wconf 93' lang='lat' dir='ltr'>in</span> <span class='ocrx_word' id='word_1_150' title='bbox 579 1267 664 1318; x_wconf 90' lang='lat' dir='ltr'>lege</span> <span class='ocrx_word' id='word_1_151' title='bbox 688 1274 757 1313; x_wconf 90' lang='lat' dir='ltr'>est,</span> <span class='ocrx_word' id='word_1_152' title='bbox 787 1274 832 1305; x_wconf 92' lang='lat' dir='ltr'>ut</span> <span class='ocrx_word' id='word_1_153' title='bbox 853 1266 901 1305; x_wconf 89' lang='lat' dir='ltr'>de</span> <span class='ocrx_word' id='word_1_154' title='bbox 920 1266 1057 1306; x_wconf 89' lang='lat' dir='ltr'>ritibus</span> <span class='ocrx_word' id='word_1_155' title='bbox 1075 1266 1210 1318; x_wconf 86' lang='lat' dir='ltr'>patriis</span> 
     </span>
     <span class='ocr_line' id='line_1_23' title="bbox 81 1318 1209 1374; baseline 0.003 -18"><span class='ocrx_word' id='word_1_156' title='bbox 81 1318 256 1357; x_wconf 86' lang='lat' dir='ltr'>colantur</span> <span class='ocrx_word' id='word_1_157' title='bbox 273 1320 434 1372; x_wconf 87' lang='lat' dir='ltr'>optimi:</span> <span class='ocrx_word' id='word_1_158' title='bbox 466 1321 514 1360; x_wconf 88' lang='lat' dir='ltr'>de</span> <span class='ocrx_word' id='word_1_159' title='bbox 533 1335 610 1374; x_wconf 92' lang='lat' dir='ltr'>quo</span> <span class='ocrx_word' id='word_1_160' title='bbox 630 1335 720 1360; x_wconf 89' lang='lat' dir='ltr'>cum</span> <span class='ocrx_word' id='word_1_161' title='bbox 735 1322 974 1360; x_wconf 90' lang='lat' dir='ltr'>consulerent</span> <span class='ocrx_word' id='word_1_162' title='bbox 992 1321 1209 1360; x_wconf 89' lang='lat' dir='ltr'>Athenien-</span> 
     </span>
     <span class='ocr_line' id='line_1_24' title="bbox 81 1374 1210 1428; baseline 0.003 -17"><span class='ocrx_word' id='word_1_163' title='bbox 81 1385 139 1412; x_wconf 90' lang='lat' dir='ltr'>ses</span> <span class='ocrx_word' id='word_1_164' title='bbox 157 1374 384 1425; x_wconf 87' lang='lat' dir='ltr'>Apollinem</span> <span class='ocrx_word' id='word_1_165' title='bbox 402 1376 604 1427; x_wconf 88' lang='lat' dir='ltr'>Pythium,</span> <span class='ocrx_word' id='word_1_166' title='bbox 621 1390 716 1427; x_wconf 89' lang='lat' dir='ltr'>quas</span> <span class='ocrx_word' id='word_1_167' title='bbox 727 1376 990 1428; x_wconf 89' lang='lat' dir='ltr'>postissimum</span> <span class='ocrx_word' id='word_1_168' title='bbox 1009 1376 1210 1428; x_wconf 88' lang='lat' dir='ltr'>religiones</span> 
     </span>
     <span class='ocr_line' id='line_1_25' title="bbox 80 1430 1208 1493; baseline 0.004 -28"><span class='ocrx_word' id='word_1_169' title='bbox 80 1435 266 1476; x_wconf 90' lang='lat' dir='ltr'>tenerent,</span> <span class='ocrx_word' id='word_1_170' title='bbox 286 1430 485 1468; x_wconf 88' lang='lat' dir='ltr'>oraculum</span> <span class='ocrx_word' id='word_1_171' title='bbox 505 1430 653 1469; x_wconf 83' lang='lat' dir='ltr'>editum</span> <span class='ocrx_word' id='word_1_172' title='bbox 672 1438 741 1479; x_wconf 87' lang='lat' dir='ltr'>est,</span> <span class='ocrx_word' id='word_1_173' title='bbox 764 1432 792 1453; x_wconf 81' lang='grc'>“</span> <span class='ocrx_word' id='word_1_174' title='bbox 804 1431 898 1478; x_wconf 88' lang='grc' dir='ltr'>Ε35,</span> <span class='ocrx_word' id='word_1_175' title='bbox 920 1444 1008 1493; x_wconf 86' lang='lat' dir='ltr'>quae</span> <span class='ocrx_word' id='word_1_176' title='bbox 1027 1438 1150 1469; x_wconf 85' lang='lat' dir='ltr'>essent</span> <span class='ocrx_word' id='word_1_177' title='bbox 1167 1431 1208 1468; x_wconf 84' lang='lat' dir='ltr'>in</span> 
     </span>
     <span class='ocr_line' id='line_1_26' title="bbox 80 1484 1210 1534; baseline 0.003 -14"><span class='ocrx_word' id='word_1_178' title='bbox 80 1494 188 1521; x_wconf 89' lang='lat' dir='ltr'>more</span> <span class='ocrx_word' id='word_1_179' title='bbox 206 1485 412 1533; x_wconf 82' lang='lat' dir='ltr'>majorum.</span> <span class='ocrx_word' id='word_1_180' title='bbox 416 1485 442 1502; x_wconf 92' lang='lat'>&#39;&#39;</span> <span class='ocrx_word' id='word_1_181' title='bbox 471 1484 564 1532; x_wconf 85' lang='lat' dir='ltr'>Quo</span> <span class='ocrx_word' id='word_1_182' title='bbox 583 1498 673 1524; x_wconf 90' lang='lat' dir='ltr'>cum</span> <span class='ocrx_word' id='word_1_183' title='bbox 692 1485 834 1523; x_wconf 90' lang='lat' dir='ltr'>iterum</span> <span class='ocrx_word' id='word_1_184' title='bbox 857 1486 1061 1533; x_wconf 89' lang='lat' dir='ltr'>venissent,</span> <span class='ocrx_word' id='word_1_185' title='bbox 1085 1485 1210 1534; x_wconf 89' lang='lat' dir='ltr'>majo-</span> 
     </span>
     <span class='ocr_line' id='line_1_27' title="bbox 81 1538 1210 1591; baseline 0.004 -18"><span class='ocrx_word' id='word_1_186' title='bbox 81 1548 246 1588; x_wconf 86' lang='lat' dir='ltr'>rumque</span> <span class='ocrx_word' id='word_1_187' title='bbox 264 1551 413 1577; x_wconf 86' lang='lat' dir='ltr'>morem</span> <span class='ocrx_word' id='word_1_188' title='bbox 431 1538 616 1578; x_wconf 82' lang='lat' dir='ltr'>dixissent</span> <span class='ocrx_word' id='word_1_189' title='bbox 634 1553 734 1591; x_wconf 91' lang='lat' dir='ltr'>saepe</span> <span class='ocrx_word' id='word_1_190' title='bbox 763 1553 843 1578; x_wconf 92' lang='lat' dir='ltr'>esse</span> <span class='ocrx_word' id='word_1_191' title='bbox 866 1547 1078 1586; x_wconf 86' lang='lat' dir='ltr'>mutatum,</span> <span class='ocrx_word' id='word_1_192' title='bbox 1105 1552 1210 1590; x_wconf 89' lang='lat' dir='ltr'>quae-</span> 
     </span>
     <span class='ocr_line' id='line_1_28' title="bbox 81 1590 1211 1646; baseline 0.004 -18"><span class='ocrx_word' id='word_1_193' title='bbox 81 1590 343 1643; x_wconf 87' lang='lat' dir='ltr'>sivissentque,</span> <span class='ocrx_word' id='word_1_194' title='bbox 359 1605 477 1644; x_wconf 89' lang='lat' dir='ltr'>quem</span> <span class='ocrx_word' id='word_1_195' title='bbox 494 1606 642 1632; x_wconf 90' lang='lat' dir='ltr'>morem</span> <span class='ocrx_word' id='word_1_196' title='bbox 660 1594 905 1646; x_wconf 86' lang='lat' dir='ltr'>potissimum</span> <span class='ocrx_word' id='word_1_197' title='bbox 923 1600 1171 1646; x_wconf 88' lang='lat' dir='ltr'>sequerentur</span> <span class='ocrx_word' id='word_1_198' title='bbox 1189 1606 1211 1632; x_wconf 86' lang='lat' dir='ltr'>e</span> 
     </span>
     <span class='ocr_line' id='line_1_29' title="bbox 79 1644 1209 1710; baseline 0.003 -28"><span class='ocrx_word' id='word_1_199' title='bbox 79 1644 217 1691; x_wconf 83' lang='grc' dir='ltr'>ν31-115;</span> <span class='ocrx_word' id='word_1_200' title='bbox 246 1647 455 1710; x_wconf 76' lang='lat' dir='ltr'>respondit,</span> <span class='ocrx_word' id='word_1_201' title='bbox 475 1648 680 1710; x_wconf 74' lang='lat' dir='ltr'>optimum.</span> <span class='ocrx_word' id='word_1_202' title='bbox 708 1648 765 1687; x_wconf 90' lang='lat' dir='ltr'>Et</span> <span class='ocrx_word' id='word_1_203' title='bbox 789 1649 959 1700; x_wconf 87' lang='lat' dir='ltr'>profecto</span> <span class='ocrx_word' id='word_1_204' title='bbox 982 1648 1039 1686; x_wconf 85' lang='lat' dir='ltr'>ita</span> <span class='ocrx_word' id='word_1_205' title='bbox 1064 1654 1133 1696; x_wconf 88' lang='lat' dir='ltr'>est,</span> <span class='ocrx_word' id='word_1_206' title='bbox 1163 1655 1209 1685; x_wconf 91' lang='lat' dir='ltr'>ut</span> 
     </span>
     <span class='ocr_line' id='line_1_30' title="bbox 81 1698 1208 1754; baseline 0.003 -18"><span class='ocrx_word' id='word_1_207' title='bbox 81 1698 122 1736; x_wconf 91' lang='lat' dir='ltr'>id</span> <span class='ocrx_word' id='word_1_208' title='bbox 141 1698 366 1739; x_wconf 84' lang='grc'>11311811(111111</span> <span class='ocrx_word' id='word_1_209' title='bbox 384 1702 433 1740; x_wconf 88' lang='lat' dir='ltr'>sit</span> <span class='ocrx_word' id='word_1_210' title='bbox 450 1702 777 1754; x_wconf 87' lang='lat' dir='ltr'>antiquissimum,</span> <span class='ocrx_word' id='word_1_211' title='bbox 808 1710 846 1741; x_wconf 89' lang='lat' dir='ltr'>et</span> <span class='ocrx_word' id='word_1_212' title='bbox 864 1703 951 1741; x_wconf 93' lang='lat' dir='ltr'>Deo</span> <span class='ocrx_word' id='word_1_213' title='bbox 968 1702 1208 1754; x_wconf 83' lang='lat' dir='ltr'>proximum,</span> 
     </span>
     <span class='ocr_line' id='line_1_31' title="bbox 81 1753 1207 1818; baseline 0.004 -28"><span class='ocrx_word' id='word_1_214' title='bbox 81 1753 188 1804; x_wconf 89' lang='lat' dir='ltr'>quod</span> <span class='ocrx_word' id='word_1_215' title='bbox 220 1754 270 1793; x_wconf 88' lang='lat' dir='ltr'>sit</span> <span class='ocrx_word' id='word_1_216' title='bbox 300 1755 505 1807; x_wconf 89' lang='lat' dir='ltr'>optimum.</span> <span class='ocrx_word' id='word_1_217' title='bbox 552 1756 702 1818; x_wconf 77' lang='lat' dir='ltr'>Stipeni</span> <span class='ocrx_word' id='word_1_218' title='bbox 732 1757 972 1805; x_wconf 87' lang='lat' dir='ltr'>sustulimus,</span> <span class='ocrx_word' id='word_1_219' title='bbox 999 1756 1074 1795; x_wconf 91' lang='lat' dir='ltr'>nisi</span> <span class='ocrx_word' id='word_1_220' title='bbox 1107 1769 1207 1818; x_wconf 81' lang='lat' dir='ltr'>eam,</span> 
     </span>
     <span class='ocr_line' id='line_1_32' title="bbox 81 1809 1210 1873; baseline 0.003 -28"><span class='ocrx_word' id='word_1_221' title='bbox 81 1821 202 1859; x_wconf 89' lang='lat' dir='ltr'>quam</span> <span class='ocrx_word' id='word_1_222' title='bbox 221 1809 272 1847; x_wconf 82' lang='lat' dir='ltr'>ad</span> <span class='ocrx_word' id='word_1_223' title='bbox 289 1823 431 1861; x_wconf 88' lang='lat' dir='ltr'>paucos</span> <span class='ocrx_word' id='word_1_224' title='bbox 449 1810 528 1849; x_wconf 60' lang='lat' dir='ltr'>dies</span> <span class='ocrx_word' id='word_1_225' title='bbox 545 1811 742 1873; x_wconf 71' lang='lat' dir='ltr'>propriam</span> <span class='ocrx_word' id='word_1_226' title='bbox 761 1811 878 1850; x_wconf 83' lang='lat' dir='ltr'>Idaeae</span> <span class='ocrx_word' id='word_1_227' title='bbox 897 1811 1040 1850; x_wconf 76' lang='lat' dir='ltr'>Matris</span> <span class='ocrx_word' id='word_1_228' title='bbox 1058 1811 1210 1862; x_wconf 82' lang='lat' dir='ltr'>excepi-</span> 
     </span>
     <span class='ocr_line' id='line_1_33' title="bbox 80 1863 1210 1917; baseline 0.003 -17"><span class='ocrx_word' id='word_1_229' title='bbox 80 1873 181 1901; x_wconf 87' lang='lat' dir='ltr'>mus.</span> <span class='ocrx_word' id='word_1_230' title='bbox 212 1863 359 1915; x_wconf 88' lang='lat' dir='ltr'>Implet</span> <span class='ocrx_word' id='word_1_231' title='bbox 377 1865 482 1903; x_wconf 84' lang='lat' dir='ltr'>enim</span> <span class='ocrx_word' id='word_1_232' title='bbox 500 1866 765 1917; x_wconf 86' lang='lat' dir='ltr'>superstitione</span> <span class='ocrx_word' id='word_1_233' title='bbox 783 1866 946 1913; x_wconf 81' lang='lat' dir='ltr'>animos,</span> <span class='ocrx_word' id='word_1_234' title='bbox 972 1871 1010 1904; x_wconf 88' lang='lat' dir='ltr'>et</span> <span class='ocrx_word' id='word_1_235' title='bbox 1031 1865 1210 1904; x_wconf 86' lang='lat' dir='ltr'>exhaurit</span> 
     </span>
     <span class='ocr_line' id='line_1_34' title="bbox 81 1915 1207 1983; baseline 0.004 -29"><span class='ocrx_word' id='word_1_236' title='bbox 81 1915 228 1956; x_wconf 89' lang='lat' dir='ltr'>domos.</span> <span class='ocrx_word' id='word_1_237' title='bbox 270 1919 465 1981; x_wconf 85' lang='lat' dir='ltr'>Sacrilego</span> <span class='ocrx_word' id='word_1_238' title='bbox 475 1932 589 1971; x_wconf 88' lang='lat' dir='ltr'>poena</span> <span class='ocrx_word' id='word_1_239' title='bbox 602 1927 672 1968; x_wconf 89' lang='lat' dir='ltr'>est,</span> <span class='ocrx_word' id='word_1_240' title='bbox 687 1933 813 1983; x_wconf 80' lang='lat' dir='ltr'>neque</span> <span class='ocrx_word' id='word_1_241' title='bbox 825 1920 859 1958; x_wconf 92' lang='lat' dir='ltr'>ei</span> <span class='ocrx_word' id='word_1_242' title='bbox 873 1919 957 1967; x_wconf 89' lang='lat' dir='ltr'>soli,</span> <span class='ocrx_word' id='word_1_243' title='bbox 973 1920 1043 1972; x_wconf 90' lang='lat' dir='ltr'>qui</span> <span class='ocrx_word' id='word_1_244' title='bbox 1057 1932 1207 1958; x_wconf 87' lang='lat' dir='ltr'>sacrum</span> 
     </span>
     <span class='ocr_line' id='line_1_35' title="bbox 80 1972 1205 2027; baseline 0.003 -19"><span class='ocrx_word' id='word_1_245' title='bbox 80 1972 294 2021; x_wconf 86' lang='lat' dir='ltr'>abstulerit,</span> <span class='ocrx_word' id='word_1_246' title='bbox 324 1974 390 2012; x_wconf 86' lang='lat' dir='ltr'>sed</span> <span class='ocrx_word' id='word_1_247' title='bbox 418 1974 533 2012; x_wconf 88' lang='lat' dir='ltr'>etiam</span> <span class='ocrx_word' id='word_1_248' title='bbox 563 1974 611 2023; x_wconf 85' lang='grc'>81,</span> <span class='ocrx_word' id='word_1_249' title='bbox 641 1975 710 2027; x_wconf 90' lang='lat' dir='ltr'>qui</span> <span class='ocrx_word' id='word_1_250' title='bbox 736 1987 840 2013; x_wconf 87' lang='lat' dir='ltr'>sacro</span> <span class='ocrx_word' id='word_1_251' title='bbox 865 1973 1205 2013; x_wconf 85' lang='lat' dir='ltr'>commendatum·</span> 
     </span>
     <span class='ocr_line' id='line_1_36' title="bbox 81 2025 1206 2076; baseline 0.003 -14"><span class='ocrx_word' id='word_1_252' title='bbox 81 2025 186 2076; x_wconf 88' lang='lat' dir='ltr'>quod</span> <span class='ocrx_word' id='word_1_253' title='bbox 205 2034 242 2065; x_wconf 92' lang='lat' dir='ltr'>et</span> <span class='ocrx_word' id='word_1_254' title='bbox 256 2039 360 2066; x_wconf 92' lang='lat' dir='ltr'>nunc</span> <span class='ocrx_word' id='word_1_255' title='bbox 377 2028 512 2067; x_wconf 90' lang='lat' dir='ltr'>multis</span> <span class='ocrx_word' id='word_1_256' title='bbox 530 2028 604 2067; x_wconf 84' lang='grc'>111</span> <span class='ocrx_word' id='word_1_257' title='bbox 592 2041 633 2067; x_wconf 88' lang='grc'>111</span> <span class='ocrx_word' id='word_1_258' title='bbox 652 2029 762 2068; x_wconf 88' lang='lat' dir='ltr'>fanis.</span> <span class='ocrx_word' id='word_1_259' title='bbox 797 2028 1051 2067; x_wconf 85' lang='lat' dir='ltr'>Alexander</span> <span class='ocrx_word' id='word_1_260' title='bbox 1039 2041 1080 2066; x_wconf 86' lang='grc'>111</span> <span class='ocrx_word' id='word_1_261' title='bbox 1110 2027 1206 2066; x_wconf 91' lang='lat' dir='ltr'>Cili-</span> 
     </span>
     <span class='ocr_line' id='line_1_37' title="bbox 82 2078 1207 2135; baseline 0.003 -19"><span class='ocrx_word' id='word_1_262' title='bbox 82 2078 141 2117; x_wconf 67' lang='grc'>813</span> <span class='ocrx_word' id='word_1_263' title='bbox 155 2079 373 2133; x_wconf 86' lang='lat' dir='ltr'>deposuisse</span> <span class='ocrx_word' id='word_1_264' title='bbox 391 2082 496 2135; x_wconf 91' lang='lat' dir='ltr'>apud</span> <span class='ocrx_word' id='word_1_265' title='bbox 519 2083 628 2122; x_wconf 85' lang='lat' dir='ltr'>Solos</span> <span class='ocrx_word' id='word_1_266' title='bbox 646 2083 688 2122; x_wconf 88' lang='lat' dir='ltr'>in</span> <span class='ocrx_word' id='word_1_267' title='bbox 707 2084 866 2122; x_wconf 89' lang='lat' dir='ltr'>delubro</span> <span class='ocrx_word' id='word_1_268' title='bbox 884 2083 1088 2135; x_wconf 86' lang='lat' dir='ltr'>pecuniam</span> <span class='ocrx_word' id='word_1_269' title='bbox 1113 2081 1207 2120; x_wconf 91' lang='lat' dir='ltr'>dici-</span> 
     </span>
     <span class='ocr_line' id='line_1_38' title="bbox 81 2136 1207 2184; baseline 0.002 -12"><span class='ocrx_word' id='word_1_270' title='bbox 81 2139 169 2179; x_wconf 80' lang='lat' dir='ltr'>tur3</span> <span class='ocrx_word' id='word_1_271' title='bbox 199 2142 238 2174; x_wconf 86' lang='lat' dir='ltr'>et</span> <span class='ocrx_word' id='word_1_272' title='bbox 254 2136 503 2175; x_wconf 89' lang='lat' dir='ltr'>Atheniensis</span> <span class='ocrx_word' id='word_1_273' title='bbox 522 2137 736 2177; x_wconf 87' lang='lat' dir='ltr'>Clisthenes</span> <span class='ocrx_word' id='word_1_274' title='bbox 760 2138 911 2177; x_wconf 87' lang='lat' dir='ltr'>Junoni</span> <span class='ocrx_word' id='word_1_275' title='bbox 938 2137 1092 2184; x_wconf 86' lang='lat' dir='ltr'>Samiae,</span> <span class='ocrx_word' id='word_1_276' title='bbox 1114 2136 1207 2175; x_wconf 86' lang='lat' dir='ltr'>civis</span> 
     </span>
     <span class='ocr_line' id='line_1_39' title="bbox 83 2189 1207 2243; baseline 0.004 -18"><span class='ocrx_word' id='word_1_277' title='bbox 83 2189 271 2239; x_wconf 77' lang='lat' dir='ltr'>egregius,</span> <span class='ocrx_word' id='word_1_278' title='bbox 284 2204 374 2229; x_wconf 87' lang='lat' dir='ltr'>cum</span> <span class='ocrx_word' id='word_1_279' title='bbox 394 2194 507 2230; x_wconf 87' lang='lat' dir='ltr'>rebus</span> <span class='ocrx_word' id='word_1_280' title='bbox 526 2193 676 2232; x_wconf 82' lang='lat' dir='ltr'>timeret</span> <span class='ocrx_word' id='word_1_281' title='bbox 694 2193 787 2243; x_wconf 86' lang='lat' dir='ltr'>suis,</span> <span class='ocrx_word' id='word_1_282' title='bbox 808 2192 976 2231; x_wconf 82' lang='lat' dir='ltr'>filiarum</span> <span class='ocrx_word' id='word_1_283' title='bbox 995 2191 1102 2231; x_wconf 84' lang='lat' dir='ltr'>dotes</span> <span class='ocrx_word' id='word_1_284' title='bbox 1127 2203 1207 2230; x_wconf 89' lang='lat' dir='ltr'>cre-</span> 
     </span>
    </p>

    <p class='ocr_par' dir='ltr' id='par_1_4' title="bbox 137 2244 879 2295">
     <span class='ocr_line' id='line_1_40' title="bbox 137 2244 879 2295; baseline 0.005 -10"><span class='ocrx_word' id='word_1_285' title='bbox 137 2244 327 2295; x_wconf 73' lang='lat' dir='ltr'>(Philos.)</span> <span class='ocrx_word' id='word_1_286' title='bbox 357 2257 462 2287; x_wconf 83' lang='lat' dir='ltr'>VOL.</span> <span class='ocrx_word' id='word_1_287' title='bbox 486 2258 548 2285; x_wconf 89' lang='lat' dir='ltr'>1v.</span> <span class='ocrx_word' id='word_1_288' title='bbox 849 2257 879 2289; x_wconf 77' lang='lat' dir='ltr'>Q</span> 
     </span>
    </p>
   </div>
  </div>
 </body>
</html>
