1470 2402
216 97 269 137 60
316 96 394 138 DE
424 97 965 149 DrVINATIONE‚L1n.
985 95 1046 137 11.
1066 97 1172 139 (111».
1191 99 1230 138 8.

218 205 352 245 sensio.
392 206 493 255 Aut,
513 208 545 246 si
575 219 691 259 negas
719 220 798 246 esse
815 206 1025 256 fortunam,
1045 213 1082 246 et
1098 206 1230 245 omnia
1245 218 1334 258 quae

218 260 333 308 fiunt,
354 274 516 313 quaeque
533 261 666 299 futura
692 269 795 309 sunt,
816 274 864 299 ex
882 261 988 300 omni
1009 260 1217 299 aetemitate
1240 260 1336 299 defi-

220 315 302 352 nita
331 314 424 353 dicis
452 329 530 354 esse
556 315 746 362 fataliter3
776 322 886 353 muta
908 315 1167 354 definitionem
1187 314 1335 353 divina.

218 368 345 418 tionis,
360 382 478 421 quam
492 370 641 408 dicebas
659 369 949 420 praesensionem
963 381 1041 408 8338
1054 381 1182 407 rerum
1199 367 1334 407 fortui-

220 430 359 461 tarum
389 424 431 462 Si
449 424 552 462 enim
571 424 668 461 nihil
686 423 767 462 fieri
780 431 917 475 potest,
933 423 1027 461 nihil
1043 423 1222 471 accidere,
1237 423 1336 462 nihil

218 477 381 525 evenire,
401 477 474 516 nisi
499 478 603 529 quod
629 479 676 516 ab
695 478 802 515 omni
828 477 1035 516 aeternitate
1052 484 1198 515 certum
1218 476 1336 516 fuerit

218 543 297 569 oese
309 531 486 569 futurum
503 539 585 570 rato
598 540 767 583 tempore
783 545 795 577 ς
825 545 912 583 quae
925 537 1048 583 potest
1061 544 1140 569 esse
1148 530 1304 569 fortuna
1315 534 1334 570 ‚⁹

221 585 300 636 qua
318 585 483 634 sublata,
504 586 571 637 qui
588 585 694 624 locus
714 594 769 624 est
782 585 1005 624 divinationi
1019 587 1037 624 ?
1066 598 1154 637 quae
1171 598 1194 623 a
1205 593 1242 623 te
1259 585 1336 623 for-

219 639 407 677 tuitarum
425 652 552 677 rerum
576 647 630 677 est
649 640 748 678 dicta
765 640 990 691 praesensio:
1020 651 1258 690 quamquam
1276 639 1336 677 di-

218 694 341 741 cebas,
363 693 505 740 omnia,
525 707 612 745 quae
630 693 775 742 fierent,
795 693 973 732 futurave
992 700 1127 739 essent,
1147 693 1226 731 fato
1244 705 1335 732 con-

217 746 341 784 tineri.
370 747 490 785 Anile
508 760 610 794 sane,
631 756 668 785 et
686 748 846 798 plenum
864 747 1151 799 superstitionis,
1171 747 1242 785 fati
1264 760 1334 786 no-

218 813 307 838 men
338 800 490 852 ipsum:
520 801 584 839 sed
613 809 742 840 tamen
770 800 874 852 apud
907 802 1051 840 Stoicos
1080 800 1128 840 de
1156 801 1228 839 isto
1254 801 1335 841 fato

218 853 343 892 multa
370 855 562 903 dicuntur,
583 854 630 894 de
656 868 733 906 quo
758 856 876 894 alias:
907 867 1024 901 nunc,
1054 854 1158 906 quod
1186 867 1335 895 necesse

217 916 284 946 est.
315 908 356 947 Si
375 909 504 946 omnia
515 908 607 956 fato,
629 909 723 961 quid
742 909 840 946 mihi
858 908 1042 947 divinatio
1059 908 1212 960 prodest
1226 911 1244 948 ?

274 962 398 1001 VIII.
428 962 546 1011 Quod
565 962 666 1001 enim
685 963 732 1010 is,
753 963 820 1014 qui
837 963 996 1011 divinat,
1015 962 1200 1014 praedieit,
1219 962 1260 1002 id
1271 976 1336 1003 ve-

217 1028 261 1054 ro
279 1015 456 1055 futurum
471 1025 549 1055 est:
580 1025 624 1055 ut
643 1030 690 1055 ne
707 1017 805 1057 iuud
820 1017 977 1068 quidem
992 1017 1123 1064 sciam,
1143 1017 1256 1068 quale
1270 1018 1333 1066 sit,

217 1070 322 1121 quod
352 1070 593 1119 Deiotarum,
628 1071 879 1110 necessarium
910 1078 1097 1117 nostrum,
1125 1083 1173 1109 ex
1200 1071 1335 1111 itinere

217 1124 348 1175 aquila
366 1126 577 1163 revocavit:
609 1125 677 1176 qui
694 1125 768 1163 nisi
794 1125 1017 1191 revertisset,
1036 1124 1078 1163 in
1101 1137 1145 1163 eo
1166 1125 1335 1165 conclavi

217 1178 253 1215 ei
280 1179 499 1216 cubandum
527 1179 672 1223 fuisset..
693 1179 796 1231 quod
824 1179 1001 1231 proxima
1029 1186 1139 1217 nocte
1170 1180 1330 1218 corruit·

216 1231 330 1270 ruina
348 1232 464 1284 igitur
482 1246 681 1284 oppressus
707 1241 812 1272 esset.
850 1233 911 1271 At
933 1233 973 1271 id
998 1245 1136 1285 neque,
1155 1232 1188 1271 si
1208 1232 1333 1273 fatum

217 1283 356 1333 fuerat,
362 1264 593 1338 ”effugissem
624 1299 707 1334 nec,
727 1287 759 1325 si
777 1299 853 1326 non
877 1287 1045 1335 fuerat,'
1034 1300 1074 1324 1n
1094 1299 1182 1325 eum
1201 1299 1332 1326 oesum

218 1338 421 1378 incidisset.
468 1340 578 1388 Quid
605 1354 694 1392 ergo
721 1341 878 1391 adjuvat
903 1341 1120 1380 divinatio?
1148 1348 1215 1379 aut
1235 1341 1331 1393 quid

216 1401 286 1442 est,
308 1394 411 1445 quod
436 1408 498 1432 me
526 1403 703 1434 moveant
727 1403 794 1433 aut
812 1403 941 1443 sortes,
961 1402 1029 1433 aut
1047 1402 1147 1442 exta,
1167 1401 1235 1433 aut
1251 1396 1334 1434 ulla

217 1447 445 1499 praedictio?
476 1449 517 1487 Si
542 1449 644 1487 enim
665 1449 790 1487 fatum
814 1449 903 1497 fuit,
931 1449 1064 1488 classae
1093 1449 1226 1500 populi
1250 1449 1332 1488 Ro-

216 1502 322 1539 mani
351 1503 451 1540 bello
482 1503 629 1541 Punico
657 1503 797 1555 primo,
817 1502 976 1542 alteram
1005 1502 1217 1553 naufragio,
1238 1503 1332 1542 alte-

216 1568 301 1594 ram
316 1570 339 1593 a
358 1556 485 1595 Poenis
504 1557 732 1608 depressam,
752 1557 928 1603 interire3
949 1557 1064 1595 etiam
1078 1557 1109 1594 si
1121 1555 1331 1608 tripudium

217 1610 446 1648 solistimum
474 1611 572 1662 pulli
603 1611 789 1659 fecissent,
823 1611 872 1649 L.
901 1611 1025 1650 Junio
1057 1617 1096 1649 et
1122 1610 1168 1648 P.
1197 1609 1332 1649 Clodio

217 1664 437 1703 consulibus
463 1665 596 1703 classes
624 1673 753 1703 tamen
777 1665 1004 1704 interissent.
1044 1664 1127 1709 Sin,
1154 1675 1240 1702 cum
1261 1677 1330 1702 au-

218 1717 344 1768 spiciis
372 1720 676 1770 obtemperatum
707 1727 817 1767 esset,
847 1719 1054 1757 interiturae
1090 1718 1221 1756 classes
1251 1729 1328 1756 non

215 1771 388 1819 fuerunt,
419 1785 496 1811 non
524 1772 748 1811 interierunt
766 1773 857 1811 fato.
886 1773 1018 1812 Vultis
1046 1779 1172 1811 autem
1200 1771 1331 1811 01111113.

219 1824 323 1863 fato:
354 1827 462 1864 nulla
480 1826 596 1877 igitur
615 1835 670 1865 831
687 1826 882 1865 divinatio.

275 1878 393 1927 Quod
411 1881 442 1918 si
460 1880 584 1918 fatum
603 1879 690 1927 fuit,
711 1881 812 1919 bello
835 1880 982 1919 Punico
1007 1879 1167 1919 secundo
1189 1879 1330 1918 exerci-

218 1938 306 1971 tum
324 1935 458 1994 populi
478 1935 647 1972 Romani
661 1934 710 1972 ad
727 1935 855 1972 lacum
874 1933 1164 1973 Trasimenum
1154 1934 1327 1972 interire·
1314 1961 1327 1980 ‚

218 1998 315 2024 num
334 1987 374 2024 id
393 1987 503 2025 vitari
521 1989 659 2039 potuit..
680 1989 711 2027 si
734 1989 948 2027 Flaminius
974 1987 1139 2026 consul
1129 1988 1174 2026 lis
1196 1987 1327 2038 3181113,

217 2040 341 2092 iisque
355 2041 544 2092 auspiciis,
557 2042 697 2093 quibus
709 2055 880 2094 pugnare
889 2042 1171 2094 prohibebatur,
1185 2041 1329 2092 paruis-

219 2094 306 2132 set?
337 2093 470 2144 [Certe
488 2096 647 2147 potuit]
677 2097 764 2134 Aut
781 2097 898 2148 igitur
916 2108 993 2135 non
1011 2096 1090 2134 fato
1107 2095 1244 2134 interiit
1261 2107 1328 2134 ex-

219 2148 356 2187 ercitus
383 2149 541 2192 (mutari
560 2149 662 2187 enim
688 2150 767 2188 fata
785 2163 862 2189 non
889 2156 1079 2202 possunt),
1098 2156 1180 2195 aut,
1199 2148 1228 2187 si
1250 2148 1328 2187 fato

221 2202 344 2256 (quod
355 2210 454 2243 certe
475 2203 582 2243 vobis
600 2203 655 2242 ita
672 2203 877 2257 dicendum
896 2211 985 2253 831),
1004 2203 1121 2244 etiam
1139 2203 1171 2244 si
1188 2204 1330 2243 obtem-
