1470 2402
231 47 310 88 DE
329 48 745 101 DIVINATIONE,
767 51 868 89 Lm.
882 49 941 89 11.
964 49 1068 89 01]».
1083 52 1147 90 23.
1203 52 1252 98 71

143 155 264 195 inaese
280 156 341 195 vel
360 157 567 196 Praxitelia
585 157 719 209 capita.
760 158 837 196 ma
862 158 964 196 enim
988 158 1070 209 ipsa
1088 158 1257 197 efficiun-

145 216 209 248 tur
225 210 473 257 detractione3
498 223 566 249 nec
584 211 796 263 quidquam
810 212 901 250 illuc
917 212 1071 250 affertur
1085 226 1107 250 a
1121 213 1258 251 Praxi-

145 264 243 302 tele:
268 263 347 312 sed,
368 276 457 302 cum
470 265 595 302 multa
609 273 697 303 sunt
711 265 889 312 detracta,
906 273 943 303 et
961 265 1010 303 ad
1026 266 1258 305 lineamenta

144 316 220 356 oris
243 325 467 368 perventum
493 325 561 366 est,
581 325 666 355 tum
690 318 894 368 intelligas,
920 319 1031 367 illud,
1052 320 1189 370 quod
1174 333 1258 369 Jam

145 371 358 422 expolitum
376 371 437 420 sit,
456 371 560 410 intus
578 371 704 410 fuisse.
740 372 870 409 Potest
888 371 1003 422 igitur
1020 374 1095 410 tale
1113 373 1259 433 aliquid

143 424 259 463 etiam
287 425 357 463 5113
382 432 514 476 sponte
541 425 583 462 in
611 424 822 476 lapicidinis
847 425 1034 463 Chiorum
1061 426 1257 464 exstitisse.

142 478 222 517 Sed
253 478 301 516 sit
330 478 403 517 1100
433 478 590 518 fictum·
630 478 748 530 quid.
738 480 755 506 9
793 479 833 516 111
862 478 1030 516 nubibus
1057 491 1257 531 nunquam

143 531 443 570 animadvertisti
473 532 593 571 leonis
623 533 801 580 formam,
835 539 902 569 aut
933 531 1256 593 hippocentauri?

143 584 276 624 Potest
293 585 409 637 igitur
435 586 556 638 (quod
580 586 693 625 modo
719 587 899 637 negabas)
926 586 1122 624 veritatem
1147 599 1256 625 casus

144 638 297 678 imltal'l.

197 692 342 732 XXII.
372 693 462 742 Sed,
483 694 665 746 quoniam
684 692 731 731 de
750 692 845 731 extis
871 699 909 731 et
932 693 1150 744 fulguribus
1168 693 1258 733 satis

144 753 200 785 aet
225 747 475 798 disputatum,
501 755 647 786 ostenta
671 754 824 795 restant,
847 755 892 785 ut
914 755 992 785 tota
1016 748 1259 799 haruspicina

142 800 192 838 sit
209 808 446 852 pertractata.
486 801 612 840 Mulae
636 809 767 852 partus
791 801 961 852 prolatus
987 809 1042 838 est
1067 814 1090 838 a
1107 808 1168 839 te:
1199 815 1258 840 res

142 854 342 902 mirabilis,
362 862 560 907 propterea
579 855 669 907 quia
690 867 768 892 non
793 867 890 906 saepe
916 855 984 899 fit;
1015 855 1094 903 sed,
1122 855 1153 892 si
1177 855 1259 893 fieri

142 919 220 946 non
237 909 432 959 potuisset,
453 909 552 947 facta
570 920 647 947 non
662 915 768 946 esset.
797 909 931 960 Atque
944 908 1015 946 hoc
1031 916 1161 946 contra
1174 922 1258 947 om-

141 961 209 999 nia
226 969 372 1000 ostenta
389 963 536 1009 valeat3
567 975 782 1014 nunquam,
803 962 906 1013 quod
925 961 1006 999 fieri
1023 974 1100 1000 non
1123 970 1257 1013 potue-

141 1015 206 1063 rit,
226 1028 304 1055 0550
327 1016 499 1062 factum,
488 1030 498 1040 ·
529 1016 586 1054 sin
611 1016 789 1068 potuerit,
817 1028 893 1054 non
921 1028 998 1053 esse
1022 1016 1255 1054 mirandum.

142 1069 357 1108 Causarum
389 1070 492 1107 enim
522 1070 708 1121 ignoratio
738 1069 779 1107 in
812 1082 851 1107 re
884 1082 983 1107 nova
1014 1069 1257 1108 mirationem

140 1122 244 1161 facit.
282 1123 432 1162 Eadem
457 1124 643 1175 ignoratio
668 1124 699 1162 51
723 1124 764 1161 111
790 1125 902 1161 rebus
925 1123 1071 1161 usitatis
1090 1131 1158 1172 est,
1179 1136 1257 1161 non

139 1176 338 1215 miramur.
381 1178 501 1225 Nam,
533 1178 601 1229 qui
625 1178 773 1215 mulam
796 1177 981 1228 peperisse
1005 1177 1179 1226 miratur,
1209 1177 1255 1226 is,

141 1243 220 1282 quo
237 1230 352 1269 modo
375 1244 472 1283 equa
495 1232 633 1283 pariat,
653 1239 719 1269 aut
737 1231 893 1268 omnino
912 1243 998 1282 quae
1015 1238 1151 1269 natura
1169 1244 1257 1292 par-

139 1291 226 1322 tum
243 1284 446 1323 animantis
464 1285 590 1333 faciat,
610 1285 769 1336 ignorat.
810 1284 898 1332 Sed,
920 1284 1023 1336 quod
1048 1286 1176 1322 crebro
1198 1285 1255 1323 vi-

139 1337 220 1386 det,
248 1351 325 1376 non
352 1339 525 1385 miratur,
553 1339 667 1377 etiarn
692 1339 737 1387 51,
765 1351 832 1377 0111
859 1338 938 1386 fiat,
967 1338 1095 1376 nescit.
1137 1338 1255 1386 Quod

139 1399 229 1430 ante
246 1404 324 1431 non
345 1392 454 1440 vidit,
474 1393 514 1430 id
540 1393 572 1430 si
596 1393 774 1439 evenerit,
798 1399 989 1430 ostentum
1015 1405 1093 1430 esse
1119 1400 1254 1431 censet.

123 1445 286 1484 'Utrum
304 1446 435 1497 igitur,
456 1459 545 1485 cum
563 1447 731 1498 concepit
755 1447 876 1493 mula,
905 1459 952 1483 an
980 1459 1069 1484 cum
1092 1446 1254 1497 peperit,

138 1507 332 1538 ostentum
354 1502 440 1539 est?
479 1500 688 1561 Conceptio
713 1508 843 1539 contra
867 1507 1043 1537 naturam
1070 1500 1251 1538 fortasse·
1239 1529 1252 1546 ‚

142 1553 208 1591 sed
225 1561 357 1604 partus
375 1567 493 1605 prope
510 1554 749 1593 necessarius.
790 1553 865 1592 Sed
883 1553 978 1605 quid
995 1554 1138 1605 plura?
1178 1553 1256 1592 Or-

142 1614 228 1644 tum
251 1607 446 1646 videamus
472 1608 746 1659 haruspicinae:
777 1607 829 1646 510
853 1607 1046 1655 facillime,
1071 1607 1166 1658 quid
1187 1607 1257 1645 ha-

142 1661 230 1698 beat
248 1661 490 1710 auctoritatis,
507 1662 775 1711 judicabimus.

196 1714 364 1752 XXIII.
392 1714 520 1765 Tages
545 1716 704 1766 quidam
729 1715 880 1762 dieitur,
906 1714 947 1752 in
972 1727 1063 1765 agro
1087 1713 1125 1752 T
1128 1727 1255 1766 arqui-

140 1766 276 1816 niensi,
301 1781 390 1806 cum
413 1776 511 1806 terra
535 1776 717 1817 araretur,
737 1776 775 1807 et
793 1769 920 1807 sulcus
938 1768 1051 1806 altius
1070 1776 1164 1806 esset
1181 1769 1255 1806 im-

141 1835 306 1873 pressus,
329 1822 513 1860 exstitisse
537 1830 704 1873 repente,
730 1830 768 1860 et
792 1835 882 1860 eum
906 1821 1042 1860 affatus
1068 1835 1159 1871 esse,
1187 1822 1255 1873 qui

141 1877 284 1913 arabat.
314 1876 355 1913 Is
374 1883 503 1913 autem
521 1875 648 1926 Tages
668 1879 728 1919 (ut
743 1876 784 1913 in
797 1876 903 1913 libris
918 1882 972 1913 est
986 1875 1254 1922 Etruscorum)

140 1929 279 1980 puerili
296 1929 417 1980 specie
435 1929 572 1967 dicitur
590 1930 706 1977 visus,
728 1929 792 1968 sed
817 1929 926 1967 senili
949 1929 1064 1967 fuisse
1089 1929 1256 1980 pruden-

141 1983 207 2022 tia„
246 1983 346 2032 Ejus
370 1983 549 2034 adspectu
574 1996 664 2022 cum
685 1983 938 2034 obstupuisset
956 1983 1159 2031 bubulcus,
1180 1983 1257 2020 cla-

140 2048 364 2089 moremque
381 2038 565 2086 majorem
580 2050 669 2075 cum
683 2037 930 2075 admiratione
945 2036 1118 2075 edidisset
1133 2050 1145 2081 3
1166 2049 1255 2074 con-

139 2103 295 2129 cursum
314 2104 392 2129 esse
409 2091 569 2137 factum,
588 2098 784 2142 totamque
801 2090 906 2129 brevi
924 2098 1095 2141 tempore
1111 2089 1152 2127 in
1167 2102 1256 2128 eum

140 2143 269 2183 locum
288 2144 486 2184 Etruriam
505 2145 743 2184 convenisse:
775 2152 859 2183 tum
877 2143 988 2183 illum
1014 2144 1126 2195 plura
1149 2144 1255 2182 locu-
