1470 2402
231 118 313 157 326
372 116 451 157 DE
479 117 742 167 OFFICIIS,
772 116 874 156 1113.
896 117 982 156 111.
1011 117 1119 157 CAP.
1137 118 1205 158 29.

231 226 297 321 {gd
311 226 359 266 ad
375 227 564 277 justitiam
582 234 620 266 et
638 226 687 266 ad
700 226 832 276 fidem,
851 226 1027 279 pertinet.
1055 225 1163 265 Nam
1177 225 1361 278 praeclare

272 294 412 320 mnus:

287 357 316 378 “
333 355 371 395 O
387 356 511 435 Fide't's⁹
521 357 638 405 alma,
663 363 752 408 apta
762 356 905 409 pinnis,
925 363 963 395 et
980 355 1267 406 Jusjurandum
1285 354 1360 394 Jo-

396 424 454 449 vis
469 440 479 448 .

234 498 318 547 Qui
335 498 453 550 igitur
464 498 736 549 jusjurandum
754 498 885 546 violat,
901 498 933 537 is
945 498 1083 537 Fidem
1097 498 1228 546 violat,
1241 509 1361 550 quam

237 553 279 592 in
305 553 494 605 Capitolio
525 553 690 591 vicinam
715 553 744 592 J
747 553 826 591 ovis
852 553 1005 605 Optimi
1035 552 1207 591 Maximi
1232 555 1295 596 (ut
1318 551 1359 589 in

235 607 395 646 Catonis
425 607 593 646 oratione
619 615 690 655 est)
716 608 879 656 majores
897 607 1016 646 nostri
1040 619 1119 646 esse
1143 607 1360 645 voluerunt.

236 662 297 701 At
323 662 426 700 enim
453 674 501 700 ne
519 662 637 699 iratus
663 661 820 714 quidem
839 661 996 713 Jupiter
1013 661 1102 713 plus
1121 661 1274 712 Regulo
1292 672 1363 698 no-

236 716 390 763 cuisset,
420 729 539 768 quam
569 716 642 754 sibi
671 716 800 754 nocuit
829 715 910 767 ipse
939 716 1126 767 Regulus.
1174 715 1302 763 Certe,
1331 714 1363 752 si

237 770 337 809 nihil
364 771 513 808 malum
533 778 642 817 esset,
662 770 735 808 nisi
753 770 890 808 dolere.
934 769 985 808 Id
1003 777 1133 808 autem
1151 781 1229 808 non
1247 769 1364 807 modo

238 837 317 864 non
343 837 542 863 summum
566 825 731 868 malum,
759 824 824 863 sed
848 837 897 862 ne
920 824 1071 862 malum
1090 823 1248 875 quidem
1267 836 1362 871 esse,

238 879 414 918 maximi).
446 879 668 918 auctoritate
699 879 918 930 philosophi
949 878 1166 924 affirmant,
1155 891 1165 902 ·
1196 891 1363 930 quorum

239 933 399 985 quidem
428 940 563 973 testem
597 946 673 972 non
702 933 948 981 mediocrem,
978 932 1043 971 sed
1072 931 1178 970 haud
1207 932 1283 970 scio
1313 945 1365 971 an

240 988 525 1039 gravissimum,
557 988 772 1039 Regulum,
803 987 935 1036 nolite,
967 999 1110 1039 quaese,
1137 987 1363 1048 vituperare.

241 1041 374 1089 Quem
401 1042 504 1080 enim
529 1042 815 1093 locupletiorem
839 1041 1062 1093 quaerimus,
1089 1054 1207 1092 quam
1225 1040 1367 1092 princi-

240 1109 331 1148 pem
350 1096 484 1148 populi
499 1096 683 1144 Romani,
700 1097 781 1148 qui,
801 1095 987 1135 retinendi
1001 1095 1116 1134 officii
1133 1108 1260 1143 amsa,
1280 1108 1368 1134 cru-

242 1150 386 1189 ciatum
419 1151 575 1189 subierit
608 1150 868 1189 voluntarium
884 1152 902 1189 ?
949 1151 1070 1198 Nam,
1104 1149 1209 1200 quod
1240 1149 1364 1198 aiunt,

242 1205 407 1242 minima
432 1204 479 1242 de
503 1205 629 1253 malis,
656 1204 697 1242 id
724 1212 793 1252 est,
820 1212 864 1242 ut
889 1205 1050 1255 turpiter
1075 1203 1218 1254 potius,
1246 1216 1366 1255 quam

241 1259 485 1304 calamitoseg
506 1271 555 1296 an
574 1266 630 1297 δι
648 1258 775 1296 ullum
789 1259 915 1319 majus
933 1258 1083 1296 malum
1101 1257 1368 1308 turpitudine?

242 1326 337 1375 quae
357 1313 388 1351 si
413 1313 454 1351 in
479 1312 719 1351 deformitate
744 1313 907 1364 corporis
932 1312 1049 1350 habet
1075 1311 1222 1363 aliquid
1246 1311 1367 1350 offen-

243 1367 373 1415 sionis,
403 1375 548 1419 quanta
577 1367 645 1405 ina
674 1367 893 1418 depravatio
922 1374 959 1404 et
988 1366 1136 1404 foeditas
1160 1365 1367 1418 turpificati

243 1422 365 1461 animi
390 1421 502 1460 debet
520 1421 672 1460 videri?
714 1421 866 1472 Itaque,
895 1421 1089 1459 nervosius
1108 1420 1176 1472 qui
1192 1420 1266 1458 ista
1289 1420 1368 1459 dis-

244 1484 389 1524 serunt,
419 1476 543 1514 solum
570 1475 712 1514 audent
735 1476 885 1513 malum
910 1475 1034 1513 dicere
1051 1474 1106 1523 id,
1132 1474 1237 1527 quod
1255 1481 1368 1526 turpe

245 1530 318 1576 sit;
349 1530 417 1583 qui
446 1537 575 1568 autem
606 1530 812 1578 remissius,
842 1529 883 1567 hi
916 1536 1046 1568 tamen
1077 1541 1157 1567 non
1189 1527 1370 1568 dubitant

242 1597 441 1623 summum
460 1585 610 1623 malum
628 1584 762 1623 dicere.
791 1585 899 1623 Nam
916 1583 1015 1622 illud
1033 1583 1206 1636 quidem,

298 1663 328 1684 “
348 1661 488 1712 Neque
513 1660 614 1732 dedi,
645 1673 770 1713 neque
794 1659 888 1710 d0,''
914 1659 1032 1699 fidem
1058 1660 1087 1683 “
1106 1658 1255 1698 infideli
1285 1658 1366 1698 cui-

405 1727 539 1767 quam,
557 1715 568 1733 '

245 1803 385 1843 idcirco
403 1810 503 1842 recte
522 1816 545 1842 a
562 1802 701 1855 poet&
732 1803 838 1855 quia,
862 1815 952 1842 cum
971 1808 1195 1842 tractaretur
1207 1800 1371 1850 Atreus,

246 1870 418 1909 personae
445 1858 687 1896 serviendum
712 1858 799 1896 fuit.
838 1857 915 1896 Sed
940 1857 972 1895 si
1001 1857 1074 1896 hoc
1098 1856 1171 1895 sibi
1195 1863 1370 1905 sumunt,

246 1913 398 1950 nullam
417 1925 497 1950 esse
510 1911 641 1959 fidem,
661 1926 749 1964 quae
767 1911 914 1950 infideli
927 1911 1017 1949 data
1035 1911 1110 1957 sit;
1139 1910 1307 1959 videant,
1322 1922 1374 1949 ne

247 1974 442 2017 quaeratur
459 1967 606 2005 latebra
626 1966 805 2018 perjurio.
845 1965 919 2004 Est
936 1972 1066 2003 autem
1081 1966 1146 2015 jus
1160 1964 1276 2004 etiam
1290 1965 1375 2003 bel-

246 2021 382 2068 licum,
420 2020 590 2071 fidesque
618 2020 870 2070 jurisjurandi
902 2033 1002 2072 saepe
1033 2032 1122 2058 cum
1155 2019 1264 2058 hosoe
1294 2031 1373 2058 ser-

247 2074 386 2113 vanda.
416 2073 535 2121 Quod
560 2074 663 2112 enim
681 2075 736 2112 ita
751 2076 925 2124 juratum
951 2081 1021 2122 est,
1044 2081 1090 2112 ut
1112 2085 1222 2112 mens
1247 2072 1374 2112 conci-

247 2136 354 2180 peret
373 2128 454 2167 fieri
473 2136 660 2180 oportere,
688 2128 728 2166 id
754 2128 981 2167 servandum
1001 2135 1082 2167 aet:
1113 2127 1218 2180 quod
1247 2127 1372 2174 aliter,

248 2182 290 2220 id
315 2183 347 2221 si
365 2195 443 2222 non
460 2182 607 2232 feceris,
626 2183 780 2222 nullum
801 2190 856 2222 est
872 2182 1109 2235 perjurium:
1140 2188 1199 2230 ut,
1219 2181 1251 2220 si
1275 2194 1374 2232 pre>

247 2236 413 2278 donibus
440 2244 597 2291 pactum
624 2250 695 2291 pro
715 2237 846 2290 -capite
877 2236 1046 2291 pretium
1074 2249 1153 2278 non
1184 2235 1373 2284 atnueris,
