1470 2402
174 109 254 146 440
487 107 740 147 T1ME.US
773 110 879 150 CAP.
913 112 973 149 11.

177 229 346 278 quorum
365 229 488 255 unum
508 215 685 254 divinum
704 225 821 270 atque
841 219 1003 268 coeleste,
1023 220 1186 259 alterum
1205 233 1301 273 pen-

176 270 355 322 nigerum
376 278 414 309 et
431 270 595 317 aerium,
615 271 772 309 tertium
791 273 974 334 aquatile,
994 281 1168 312 terrestre
1186 288 1302 326 quar-

177 332 278 363 tum.
309 324 467 362 Divinae
496 324 740 363 animationis
762 327 931 365 maxime
957 328 1120 379 speciem
1139 328 1304 368 faciebat

180 391 229 417 ex
257 378 361 427 igne,
395 379 450 417 ita
481 386 525 416 ut
557 378 796 429 splendidis.
777 392 888 419 umus
917 390 1028 428 esset,
1057 389 1095 420 et
1119 382 1301 434 adspectu

179 432 471 484 pulchenimuz.
501 433 681 484 Cumque
713 433 877 472 similem
903 435 1160 474 universitatis
1188 444 1304 475 natu·

181 499 234 524 rae
254 486 398 525 efficere
417 487 543 532 vellet,
564 486 613 524 ad
641 487 918 526 volubilitatem
938 490 1186 534 rotundavit;
1220 489 1303 539 [co-

180 540 394 592 mitemque
408 554 497 579 eum
516 540 731 593 sapientiae]
753 555 870 593 quam
883 543 1039 593 optimae
1056 543 1196 582 mentis
1214 544 1304 583 effe-

181 594 246 640 cit,
268 595 489 646 circumque
513 594 649 632 ooelum
677 595 874 646 aequaliter
895 597 1103 646 distribuit,
1126 606 1173 636 ut
1198 597 1303 637 hunc

180 648 254 687 hac
273 649 452 687 varietate
471 648 693 687 distinctum
715 650 811 688 bene
831 650 955 689 Graeci
978 657 1131 698 Καρ-μον,
1152 665 1221 690 nos
1239 651 1302 690 lu-

184 710 332 740 centem
347 702 539 741 mundum
555 703 854 742 nominaremus.
885 704 1005 743 Dedit
1016 712 1146 743 autem
1164 705 1303 745 divinis

183 756 260 795 duo
279 769 418 808 genera
437 759 562 795 motus
578 771 589 802 ;
620 769 759 805 unum,
780 758 883 809 quod
902 771 1052 810 semper
1069 767 1165 798 esset
1181 760 1222 798 in
1242 773 1305 798 eo-

183 810 271 848 dem
303 823 425 862 aeque,
461 818 498 849 et
526 810 626 849 idem
658 810 697 848 in
724 812 917 872 omnibus,
950 821 1065 864 atque
1089 826 1168 852 uno
1188 813 1305 852 modo

184 865 389 910 celeraret;
419 865 598 913 alterum,
629 865 732 916 quod
757 866 796 903 in
816 867 981 904 anticam
1005 873 1154 918 partem
1172 881 1197 906 a
1214 880 1304 907 eon-

183 918 354 957 versione
373 918 559 968 ejusdem,
578 926 614 957 et
634 919 768 957 similis
786 920 1001 971 pelleretur.
1031 920 1217 974 Quinque
1235 935 1305 959 au-

184 979 263 1010 tem
283 972 441 1024 reliquis
469 973 640 1011 motibus
658 975 789 1011 orbem
809 987 898 1012 eum
919 987 975 1012 es
960 988 999 1013 e
1028 975 1149 1013 voluit
1167 989 1304 1028 exper-

182 1033 276 1074 tem,
302 1026 558 1073 immobilem,
589 1034 626 1065 et
663 1035 840 1066 stantem.
882 1029 948 1067 Ex
978 1041 1055 1080 quo
1087 1041 1224 1079 genere
1259 1043 1304 1068 ea

184 1088 274 1118 sunt
303 1081 439 1127 sidera,
472 1094 560 1132 quae
589 1081 710 1119 infixa
739 1082 831 1120 coelo
855 1095 933 1121 non
957 1091 1163 1121 moventur
1189 1083 1302 1129 loco3

186 1147 274 1185 quae
292 1142 385 1172 sunt
402 1134 629 1181 animantia
642 1149 762 1187 eaque
781 1135 935 1174 divina·
966 1138 1016 1175 ob
1035 1149 1197 1189 eamque
1215 1150 1306 1176 cau-

185 1200 284 1235 sam,
319 1188 399 1226 suis
432 1188 584 1226 sedibus
612 1189 812 1235 inhaerent,
851 1197 889 1228 et
917 1198 1101 1251 perpetuo
1133 1198 1304 1229 manent.

184 1241 287 1289 Quae
315 1249 445 1280 autem
475 1255 573 1293 vaga
591 1250 628 1281 et
658 1243 837 1281 mutabili
863 1245 1007 1282 ratione
1033 1244 1231 1293 labuntur,
1251 1244 1306 1283 ita

183 1303 363 1346 generata
381 1303 484 1343 sunt,
503 1304 548 1334 ut
566 1309 684 1348 supra
708 1296 889 1335 diximus.
919 1297 1013 1336 Jam
1039 1311 1127 1336 vero
1145 1305 1301 1346 terram,

184 1349 354 1388 altricem
384 1357 568 1397 nostram,
590 1364 677 1402 quae
706 1352 863 1400 trajecto
882 1364 954 1389 axe
984 1351 1208 1398 sustinetur,
1228 1352 1305 1390 diei

183 1403 382 1464 noctisque
410 1403 648 1450 effectricem,
683 1404 934 1457 eamdemque
963 1405 1174 1451 custodem,
1204 1406 1304 1444 anti-

181 1457 407 1508 quissimam
430 1456 646 1510 [Deorum]
668 1458 790 1497 voluit
809 1471 887 1497 esse
906 1471 1052 1506 eorum,
1076 1457 1184 1512 [qui]
1204 1459 1306 1499 intra

183 1510 322 1549 coelum
352 1511 610 1562 gignerentur.
641 1512 845 1551 Flexiones
876 1520 1004 1551 autem
1039 1512 1228 1561 Deorum,
1266 1520 1305 1552 et

183 1564 283 1604 inter
309 1564 411 1617 ipsos
445 1565 551 1604 Deos
578 1566 856 1615 concursiones,
887 1579 1051 1618 quaeque
1077 1567 1117 1604 in
1147 1567 1305 1606 orbibus

187 1629 320 1657 eorum
340 1619 600 1658 conversiones
619 1621 969 1672 antecessionesque
987 1620 1177 1669 eveniant,
1198 1633 1307 1659 cum-

186 1686 263 1724 que
277 1673 376 1712 inter
390 1686 429 1711 se
446 1685 555 1724 paene
569 1674 805 1725 contingant,
822 1687 898 1722 eos,
912 1674 979 1726 qui
993 1687 1112 1726 prope
1123 1675 1305 1726 copulen-

186 1733 252 1765 tur
269 1727 457 1765 contraria
475 1727 642 1778 regione,
667 1736 704 1766 et
721 1740 821 1779 pone
839 1741 949 1780 quos,
970 1734 1038 1766 aut
1066 1735 1155 1766 ante
1171 1728 1308 1766 laban-

187 1787 266 1829 tur,
279 1781 497 1833 quibusque
516 1782 753 1833 temporibus
771 1795 795 1820 a
809 1790 937 1821 nostro
955 1781 1134 1833 adspectu
1153 1782 1308 1820 oblites-

186 1842 289 1882 cant,
322 1847 530 1896 rursusque
573 1835 709 1873 emersi
740 1848 904 1874 errorem
935 1835 1123 1874 incutiant
1151 1835 1307 1874 rationis

188 1888 423 1940 expertibus,
444 1888 475 1926 si
494 1889 618 1928 verbis
637 1889 827 1941 explicare
842 1902 1038 1937 conemur,
1058 1889 1166 1927 nullo
1183 1889 1308 1950 posito

187 1943 261 1980 sub
280 1942 400 1981 oculis
419 1942 636 1991 simulacro,
660 1956 792 1981 earum
817 1955 946 1982 rerum
966 1943 1108 1981 frustra
1125 1942 1309 1994 suscipia-

185 2002 251 2034 tur
272 1996 392 2035 labor.
422 1995 498 2035 Sed
525 1996 608 2036 haec
639 1996 729 2035 satis
754 1997 830 2035 sint
854 1997 955 2036 dicta
974 1996 1097 2035 nobis.
1129 1996 1231 2044 Quae
1260 1995 1309 2035 de

186 2048 377 2098 Deorum,
408 2049 477 2102 qui
505 2058 727 2098 cernuntur,
753 2051 899 2103 quique
925 2051 1001 2089 orti
1031 2057 1136 2099 sunt,
1167 2049 1308 2088 natura

185 2103 335 2153 praefati
361 2116 509 2152 sumus,
527 2103 695 2143 habeant
710 2105 816 2144 hunc
833 2104 1055 2143 terminum.

237 2156 316 2195 XI.
346 2157 604 2209 Reliquorum
643 2165 789 2207 autem,
828 2171 924 2210 quos
961 2157 1087 2196 Graeci
1124 2163 1307 2205 Δαιμονας

180 2211 390 2262 appellant,
398 2211 531 2261 nostri,
538 2211 688 2264 opinor,
701 2212 821 2252 lares
834 2212 886 2265 (si
898 2211 1014 2252 modo
1023 2211 1205 2251 hoctecte
1216 2221 1308 2248 con-
