1470 2402
461 96 666 137 TIMAEL
662 98 719 137 *S.
751 95 1311 141 Cx1.V111.437

171 219 255 245 rem
291 205 496 258 amplexus
532 208 664 246 orbem
682 222 694 249 :
743 208 872 253 illum,
912 206 1084 256 ejusdem
1131 213 1305 252 naturae;

171 260 291 310 hunc,
323 260 478 299 alterius
502 262 744 301 nominavit:
776 275 953 313 eamque,
982 274 1069 312 quae
1100 268 1180 299 erat
1206 261 1307 310 ejus-.

171 315 277 363 dem,
298 315 455 354 detorsit
474 329 496 354 a
521 317 638 355 latere
657 317 697 355 in
717 317 893 356 dextram
913 323 1062 368 partem
1081 330 1090 353 :
1122 315 1221 353 hanc
1237 329 1306 353 au-

170 377 249 408 tem
270 369 458 415 citimam,
489 384 512 409 a
537 371 666 410 media
691 371 793 411 linea
812 371 952 409 direxit
976 370 1024 408 ad
1042 370 1209 408 laevzam
1241 370 1307 408 sed

170 425 430 476 principatum
446 425 551 464 dedit
566 426 764 478 superiori,
782 439 900 487 quam
921 425 1043 464 solam
1063 424 1306 463 individuam

170 479 337 532 reliquit.
372 478 598 518 Interiorem
618 491 746 520 auten]
769 494 857 520 cum
874 481 912 518 in
929 493 994 518 sex
1011 488 1138 531 partes
1157 479 1306 517 divisis-

171 542 242 581 set,
265 541 409 596 septem
431 536 540 573 orbes
569 535 736 587 dispares
755 536 874 588 duplo
903 543 940 573 et
960 533 1074 586 triplo
1102 534 1304 572 intervallo

170 589 317 627 moveri
347 589 474 638 jussit,
511 591 708 629 contrariis
736 591 835 629 inter
864 604 903 630 se
935 590 1121 629 cursibus.
1153 588 1302 627 Eorum

171 650 303 682 autem
324 644 440 682 trium
463 644 551 684 fecit
579 659 688 697 pares
714 646 950 690 celeritatem
981 644 1046 682 sed
1066 651 1246 695 quatuor,
1268 651 1306 681 et

172 697 272 736 inter
291 711 330 736 se
349 698 532 750 dispares,
555 707 592 738 et
610 700 814 739 dissimiles
834 700 951 738 trium
970 698 1221 750 reliquorum.

227 752 350 791 VIII.
383 754 574 792 Animum
593 755 711 806 igitur
730 768 819 795 cum
842 755 914 797 ,ille
932 761 1146 806 procreator
1165 752 1304 791 mundi

171 806 283 847 Deus
302 821 349 847 ex
369 808 439 847 sua
458 817 588 847 mente
603 818 640 848 et
658 809 857 848 divinitate
871 808 1077 861 genuisset,
1095 815 1180 846 tum
1196 806 1305 845 deni-

172 876 250 914 que
261 876 389 911 omne,
398 863 503 915 quod
516 871 595 902 erat
607 873 825 903 concretum
836 872 952 916 atque
960 874 1199 915 corporeum,
1215 863 1305 901 sub-

173 919 366 956 sternebat
383 917 529 966 animo,
550 919 786 971 interiusque
804 919 967 958 faciebat
984 933 993 956 ε
1025 926 1141 969 atque
1155 916 1209 954 ita
1222 929 1304 955 me-

169 971 233 1010 dio
252 972 426 1011 medium
446 974 739 1012 accommodans
760 974 974 1026 copulabat.
1006 973 1068 1011 Sic
1088 971 1254 1019 animus,
1283 984 1306 1009 a

172 1027 302 1065 medio
328 1027 536 1079 profectuS,
565 1028 847 1067 extremitatem
877 1028 960 1067 coeli
988 1041 1011 1065 a
1036 1039 1217 1087 supr-ema
1246 1039 1305 1064 re-

172 1081 286 1132 gione
306 1082 471 1121 rotundo
490 1083 639 1121 ambitu
659 1083 919 1133 circumjecit;
951 1094 1107 1142 seseque
1124 1080 1205 1132 ipse
1221 1094 1305 1118 ver-

172 1148 274 1183 sans,
296 1136 450 1183 divinae,
479 1138 735 1189 sempiternae,
757 1138 1016 1190 sapientisque
1035 1135 1124 1174 vitae
1148 1135 1304 1173 induxit

173 1190 390 1230 exordium.
420 1191 475 1230 Et
505 1205 642 1244 corpus
668 1192 825 1245 quidem
854 1193 937 1231 coeli
959 1190 1164 1243 spectabile
1195 1190 1306 1228 effec-

173 1252 259 1284 tum
280 1253 365 1292 est3
396 1247 550 1285 animus
569 1255 699 1286 autem
727 1249 928 1286 oculorum
955 1245 1092 1297 effugit
1110 1246 1304 1283 obtutum.

173 1299 249 1339 Est
280 1308 410 1340 autem
443 1302 597 1341 animus
631 1316 679 1341 ex
708 1303 903 1348 omnibus,
936 1300 1108 1348 rationis,
1143 1312 1303 1338 concen-

172 1355 364 1407 tionisque
383 1356 572 1403 (“Α;μονιη
595 1358 746 1403 Graece)
767 1357 1087 1409 sempiternarum
1103 1367 1248 1402 rerum,
1265 1362 1303 1392 et

174 1411 248 1448 sub
267 1410 563 1473 intelligentiam
593 1412 827 1459 cadentium,
848 1423 1004 1474 compos
1027 1417 1065 1448 et
1083 1409 1300 1461 particeps·
1288 1438 1300 1455 ‚

174 1477 253 1515 quo
272 1463 370 1502 nihil
396 1466 444 1503 ab
464 1466 610 1517 optimo
630 1475 667 1505 et
693 1467 1006 1519 praestantissimo
1025 1464 1195 1516 genitore
1223 1476 1306 1502 me-

172 1519 249 1557 lius
283 1527 552 1570 procreatum:
602 1521 747 1574 quippe
780 1521 862 1574 qui,
897 1535 946 1560 ex
986 1519 1121 1559 eadem
1152 1518 1304 1556 vinctus

174 1572 372 1626 alteraque
405 1574 558 1623 natura,
597 1576 782 1626 adjuncta
814 1576 990 1623 materia,
1029 1573 1304 1636 temperatione

124 1633 126 1635 '
173 1628 294 1667 trium
319 1628 505 1681 partium,
534 1631 778 1693 proportione
805 1630 1018 1682 compacta,
1049 1642 1089 1667 se
1113 1629 1194 1690 ipse
1214 1639 1304 1665 con-

174 1695 343 1732 versans,
378 1697 468 1723 cum
503 1686 706 1724 materiam
737 1686 968 1724 mutabilem
998 1683 1230 1735 arripuisset,
1267 1688 1305 1720 et

175 1749 266 1776 cum
285 1751 416 1777 rursus
441 1739 683 1779 individuam
703 1748 819 1792 atque
838 1740 1068 1792 simplicem,
1097 1750 1165 1789 per
1184 1749 1304 1788 quam

174 1792 301 1831 omnis
320 1801 526 1840 movetu13
556 1795 826 1847 discernitque,
856 1794 952 1847 quid
970 1794 1020 1832 sit
1048 1791 1216 1843 ejusdem
1239 1804 1305 1842 ge-

174 1847 289 1896 neris,
314 1847 410 1909 quid
435 1849 620 1888 alterius·
609 1879 621 1896 ‚
653 1857 691 1889 et
710 1857 844 1889 caetera
868 1849 1068 1900 dijudicat,
1097 1845 1192 1898 quid
1217 1845 1303 1884 cui-

173 1914 250 1953 que
279 1902 334 1940 rei
359 1902 409 1941 sit
426 1903 598 1943 maxime
617 1912 769 1957 aptum,
800 1904 896 1957 quid
916 1915 1071 1956 quoque
1097 1902 1196 1948 loco,
1231 1906 1300 1938 aut

174 1956 306 2005 modo,
323 1963 392 1995 aut
409 1964 593 2009 tempore,
612 1959 833 2011 contingat:
867 1970 1031 2010 quaeque
1043 1954 1235 1994 distinctio
1254 1953 1305 1992 sit

174 2009 275 2049 inter
294 2024 339 2050 ea
364 2025 452 2063 quae
470 2012 693 2064 gignantur,
720 2021 759 2052 et
784 2027 828 2052 ea
852 2027 940 2065 quae
968 2012 1044 2050 sint
1072 2021 1223 2073 semper
1242 2021 1305 2046 ea-

173 2063 276 2104 dem.
306 2066 424 2104 Ratio
456 2074 588 2106 autem
620 2082 723 2117 vera,
749 2082 843 2130 quae
872 2074 1043 2106 versatur
1070 2066 1111 2103 in
1138 2063 1185 2101 115
1215 2075 1303 2114 quae

174 2127 266 2159 sunt
284 2133 435 2172 semper
453 2121 602 2172 eadem,
623 2130 662 2161 et
687 2123 729 2161 in
747 2123 794 2161 iis
811 2136 899 2175 quae
917 2127 1132 2166 mutantur,
1153 2130 1243 2156 cum
1262 2116 1305 2154 in

176 2173 311 2213 eodem
330 2182 368 2214 et
385 2175 427 2214 in
448 2175 568 2216 altero
586 2185 763 2217 movetur
780 2177 864 2230 ipsa
882 2189 952 2228 per
969 2188 1023 2222 se,
1044 2174 1124 2213 sine
1142 2184 1247 2219 voce,
1267 2178 1306 2209 et

172 2227 254 2268 sine
279 2229 361 2269 ullo
393 2242 500 2280 50110,
525 2243 616 2271 cum
636 2231 816 2271 eamdem
844 2238 991 2284 partem
1022 2226 1191 2280 attingit,
1226 2238 1306 2277 <1¹¹³-

914 2289 938 2323 2
961 2295 986 2322 P
1007 2284 1032 2321 3
