<?xml version="1.0" encoding="UTF-8"?>
<!DOCTYPE html PUBLIC "-//W3C//DTD XHTML 1.0 Transitional//EN"
    "http://www.w3.org/TR/xhtml1/DTD/xhtml1-transitional.dtd">
<html xmlns="http://www.w3.org/1999/xhtml" xml:lang="en" lang="en">
 <head>
  <title>
</title>
<meta http-equiv="Content-Type" content="text/html;charset=utf-8" />
  <meta name='ocr-system' content='tesseract 3.04.00' />
  <meta name='ocr-capabilities' content='ocr_page ocr_carea ocr_par ocr_line ocrx_word'/>
</head>
<body>
  <div class='ocr_page' id='page_1' title='image "./operaern04ciceuoft_0180.png"; bbox 0 0 1470 2402; ppageno 0'>
   <div class='ocr_carea' id='block_1_1' title="bbox 176 102 1131 154">
    <p class='ocr_par' dir='ltr' id='par_1_1' title="bbox 176 102 1131 154">
     <span class='ocr_line' id='line_1_1' title="bbox 176 102 1131 154; baseline 0 -12"><span class='ocrx_word' id='word_1_1' title='bbox 176 102 253 142; x_wconf 82' lang='grc'><strong>166</strong></span> <span class='ocrx_word' id='word_1_2' title='bbox 335 102 414 144; x_wconf 89' lang='lat' dir='ltr'><strong>DE</strong></span> <span class='ocrx_word' id='word_1_3' title='bbox 443 103 706 154; x_wconf 85' lang='lat' dir='ltr'><strong>LEGIBUS,</strong></span> <span class='ocrx_word' id='word_1_4' title='bbox 733 104 835 144; x_wconf 80' lang='lat' dir='ltr'><strong>Lm.</strong></span> <span class='ocrx_word' id='word_1_5' title='bbox 857 103 915 143; x_wconf 91' lang='grc' dir='ltr'><strong>ΙΙ.</strong></span> <span class='ocrx_word' id='word_1_6' title='bbox 937 102 1043 143; x_wconf 74' lang='lat' dir='ltr'>CAP.</span> <span class='ocrx_word' id='word_1_7' title='bbox 1068 103 1131 142; x_wconf 82' lang='lat'><strong>13.</strong></span> 
     </span>
    </p>
   </div>
   <div class='ocr_carea' id='block_1_2' title="bbox 168 211 1298 2278">
    <p class='ocr_par' dir='ltr' id='par_1_2' title="bbox 168 211 1297 1063">
     <span class='ocr_line' id='line_1_2' title="bbox 168 211 1294 272; baseline -0.001 -23"><span class='ocrx_word' id='word_1_8' title='bbox 168 211 234 260; x_wconf 86' lang='lat' dir='ltr'>jus</span> <span class='ocrx_word' id='word_1_9' title='bbox 264 220 320 252; x_wconf 90' lang='lat' dir='ltr'><strong>est</strong></span> <span class='ocrx_word' id='word_1_10' title='bbox 352 226 560 265; x_wconf 90' lang='lat' dir='ltr'><strong>augurum,</strong></span> <span class='ocrx_word' id='word_1_11' title='bbox 591 221 629 252; x_wconf 88' lang='lat' dir='ltr'><strong>et</strong></span> <span class='ocrx_word' id='word_1_12' title='bbox 657 227 746 253; x_wconf 94' lang='lat' dir='ltr'>cum</span> <span class='ocrx_word' id='word_1_13' title='bbox 779 212 1001 252; x_wconf 75' lang='lat' dir='ltr'><strong>auctoritate</strong></span> <span class='ocrx_word' id='word_1_14' title='bbox 1032 211 1294 272; x_wconf 79' lang='lat' dir='ltr'><strong>conjunctum.</strong></span> 
     </span>
     <span class='ocr_line' id='line_1_3' title="bbox 173 263 1293 320; baseline -0.001 -17"><span class='ocrx_word' id='word_1_15' title='bbox 173 266 315 328; x_wconf 89' lang='lat' dir='ltr'><strong>Neque</strong></span> <span class='ocrx_word' id='word_1_16' title='bbox 333 281 422 306; x_wconf 90' lang='lat' dir='ltr'><strong>vero</strong></span> <span class='ocrx_word' id='word_1_17' title='bbox 440 268 525 317; x_wconf 92' lang='lat' dir='ltr'><strong>hoc,</strong></span> <span class='ocrx_word' id='word_1_18' title='bbox 546 268 638 320; x_wconf 90' lang='lat' dir='ltr'>quia</span> <span class='ocrx_word' id='word_1_19' title='bbox 649 281 735 306; x_wconf 89' lang='lat' dir='ltr'><strong>sum</strong></span> <span class='ocrx_word' id='word_1_20' title='bbox 749 268 830 320; x_wconf 90' lang='lat' dir='ltr'><strong>ipse</strong></span> <span class='ocrx_word' id='word_1_21' title='bbox 848 280 985 319; x_wconf 88' lang='lat' dir='ltr'><strong>augur,</strong></span> <span class='ocrx_word' id='word_1_22' title='bbox 1005 266 1061 304; x_wconf 80' lang='lat' dir='ltr'><strong>ita</strong></span> <span class='ocrx_word' id='word_1_23' title='bbox 1078 265 1214 313; x_wconf 90' lang='lat' dir='ltr'><strong>sentio,</strong></span> <span class='ocrx_word' id='word_1_24' title='bbox 1227 263 1293 303; x_wconf 89' lang='lat' dir='ltr'><strong>sed</strong></span> 
     </span>
     <span class='ocr_line' id='line_1_4' title="bbox 172 319 1294 371; baseline -0.002 -13"><span class='ocrx_word' id='word_1_25' title='bbox 172 320 265 371; x_wconf 87' lang='lat' dir='ltr'>quia</span> <span class='ocrx_word' id='word_1_26' title='bbox 279 321 332 360; x_wconf 90' lang='lat' dir='ltr'><strong>sic</strong></span> <span class='ocrx_word' id='word_1_27' title='bbox 351 321 567 360; x_wconf 86' lang='lat' dir='ltr'><strong>existimare</strong></span> <span class='ocrx_word' id='word_1_28' title='bbox 585 335 653 360; x_wconf 91' lang='lat' dir='ltr'><strong>nos</strong></span> <span class='ocrx_word' id='word_1_29' title='bbox 672 331 728 361; x_wconf 88' lang='lat' dir='ltr'><strong>est</strong></span> <span class='ocrx_word' id='word_1_30' title='bbox 745 335 904 361; x_wconf 65' lang='lat' dir='ltr'><strong>necesse.</strong></span> <span class='ocrx_word' id='word_1_31' title='bbox 952 320 1061 368; x_wconf 89' lang='lat' dir='ltr'><strong>Quid</strong></span> <span class='ocrx_word' id='word_1_32' title='bbox 1081 319 1183 358; x_wconf 92' lang='lat' dir='ltr'><strong>enim</strong></span> <span class='ocrx_word' id='word_1_33' title='bbox 1209 331 1294 357; x_wconf 85' lang='lat' dir='ltr'>ma-</span> 
     </span>
     <span class='ocr_line' id='line_1_5' title="bbox 168 372 1296 437; baseline -0.001 -25"><span class='ocrx_word' id='word_1_34' title='bbox 168 374 234 422; x_wconf 90' lang='lat' dir='ltr'>jus</span> <span class='ocrx_word' id='word_1_35' title='bbox 254 383 322 422; x_wconf 92' lang='lat' dir='ltr'><strong>est,</strong></span> <span class='ocrx_word' id='word_1_36' title='bbox 345 376 393 419; x_wconf 90' lang='lat' dir='ltr'><strong>(si</strong></span> <span class='ocrx_word' id='word_1_37' title='bbox 412 376 488 414; x_wconf 92' lang='lat' dir='ltr'><strong>de</strong></span> <span class='ocrx_word' id='word_1_38' title='bbox 473 390 560 437; x_wconf 80' lang='lat' dir='ltr'><strong>Jure</strong></span> <span class='ocrx_word' id='word_1_39' title='bbox 579 377 802 428; x_wconf 85' lang='lat' dir='ltr'>quaerimus)</span> <span class='ocrx_word' id='word_1_40' title='bbox 830 387 948 428; x_wconf 85' lang='lat' dir='ltr'>quam</span> <span class='ocrx_word' id='word_1_41' title='bbox 966 387 1075 426; x_wconf 88' lang='lat' dir='ltr'><strong>posse</strong></span> <span class='ocrx_word' id='word_1_42' title='bbox 1093 387 1117 412; x_wconf 87' lang='lat' dir='ltr'>a</span> <span class='ocrx_word' id='word_1_43' title='bbox 1135 372 1296 412; x_wconf 90' lang='lat' dir='ltr'>summis</span> 
     </span>
     <span class='ocr_line' id='line_1_6' title="bbox 171 426 1295 482; baseline -0.001 -16"><span class='ocrx_word' id='word_1_44' title='bbox 171 427 342 480; x_wconf 84' lang='lat' dir='ltr'><strong>imperiis</strong></span> <span class='ocrx_word' id='word_1_45' title='bbox 361 438 398 468; x_wconf 91' lang='lat' dir='ltr'><strong>et</strong></span> <span class='ocrx_word' id='word_1_46' title='bbox 417 431 578 468; x_wconf 88' lang='lat' dir='ltr'>summis</span> <span class='ocrx_word' id='word_1_47' title='bbox 605 431 854 482; x_wconf 81' lang='lat' dir='ltr'><strong>potestatibus</strong></span> <span class='ocrx_word' id='word_1_48' title='bbox 873 429 1088 470; x_wconf 88' lang='lat' dir='ltr'><strong>comitiatus</strong></span> <span class='ocrx_word' id='word_1_49' title='bbox 1111 435 1148 466; x_wconf 88' lang='lat' dir='ltr'><strong>et</strong></span> <span class='ocrx_word' id='word_1_50' title='bbox 1170 426 1295 466; x_wconf 82' lang='lat' dir='ltr'><strong>conci-</strong></span> 
     </span>
     <span class='ocr_line' id='line_1_7' title="bbox 170 481 1293 533; baseline -0.001 -13"><span class='ocrx_word' id='word_1_51' title='bbox 170 481 224 520; x_wconf 87' lang='lat' dir='ltr'><strong>lia</strong></span> <span class='ocrx_word' id='word_1_52' title='bbox 257 484 317 522; x_wconf 91' lang='lat' dir='ltr'><strong>vel</strong></span> <span class='ocrx_word' id='word_1_53' title='bbox 346 484 521 522; x_wconf 83' lang='lat' dir='ltr'><strong>instituta</strong></span> <span class='ocrx_word' id='word_1_54' title='bbox 551 485 755 533; x_wconf 81' lang='lat' dir='ltr'><strong>dimittere,</strong></span> <span class='ocrx_word' id='word_1_55' title='bbox 794 485 855 523; x_wconf 86' lang='lat' dir='ltr'><strong>vel</strong></span> <span class='ocrx_word' id='word_1_56' title='bbox 890 483 1023 522; x_wconf 84' lang='lat' dir='ltr'>habita</span> <span class='ocrx_word' id='word_1_57' title='bbox 1052 481 1286 521; x_wconf 65' lang='lat' dir='ltr'><strong>rescindere.</strong></span> <span class='ocrx_word' id='word_1_58' title='bbox 1274 483 1293 509; x_wconf 70' lang='lat'><strong>&#39;⁷&#39;</strong></span> 
     </span>
     <span class='ocr_line' id='line_1_8' title="bbox 171 536 1297 591; baseline -0.003 -15"><span class='ocrx_word' id='word_1_59' title='bbox 171 537 267 587; x_wconf 87' lang='lat' dir='ltr'>quid</span> <span class='ocrx_word' id='word_1_60' title='bbox 285 539 452 589; x_wconf 85' lang='lat' dir='ltr'><strong>gravius,</strong></span> <span class='ocrx_word' id='word_1_61' title='bbox 477 552 597 590; x_wconf 86' lang='lat' dir='ltr'>quam</span> <span class='ocrx_word' id='word_1_62' title='bbox 616 552 697 577; x_wconf 91' lang='lat' dir='ltr'><strong>rem</strong></span> <span class='ocrx_word' id='word_1_63' title='bbox 723 546 937 591; x_wconf 74' lang='lat' dir='ltr'><strong>susceptam</strong></span> <span class='ocrx_word' id='word_1_64' title='bbox 963 537 1105 583; x_wconf 83' lang='lat' dir='ltr'>dirimi,</span> <span class='ocrx_word' id='word_1_65' title='bbox 1136 536 1168 576; x_wconf 90' lang='lat' dir='ltr'><strong>si</strong></span> <span class='ocrx_word' id='word_1_66' title='bbox 1193 547 1297 574; x_wconf 89' lang='lat' dir='ltr'>unus</span> 
     </span>
     <span class='ocr_line' id='line_1_9' title="bbox 171 589 1293 654; baseline -0.001 -26"><span class='ocrx_word' id='word_1_67' title='bbox 171 603 296 642; x_wconf 88' lang='lat' dir='ltr'><strong>augur</strong></span> <span class='ocrx_word' id='word_1_68' title='bbox 327 596 356 616; x_wconf 83' lang='lat'>“</span> <span class='ocrx_word' id='word_1_69' title='bbox 375 593 470 634; x_wconf 91' lang='lat' dir='ltr'><strong>Alio</strong></span> <span class='ocrx_word' id='word_1_70' title='bbox 499 593 587 631; x_wconf 86' lang='lat' dir='ltr'><strong>die&#39;&#39;</strong></span> <span class='ocrx_word' id='word_1_71' title='bbox 627 593 796 632; x_wconf 84' lang='lat' dir='ltr'>dixerit?</span> <span class='ocrx_word' id='word_1_72' title='bbox 839 592 934 654; x_wconf 79' lang='lat' dir='ltr'>quid</span> <span class='ocrx_word' id='word_1_73' title='bbox 970 589 1293 642; x_wconf 87' lang='lat' dir='ltr'><strong>magnificentius,</strong></span> 
     </span>
     <span class='ocr_line' id='line_1_10' title="bbox 171 644 1296 698; baseline -0.001 -15"><span class='ocrx_word' id='word_1_74' title='bbox 171 658 291 696; x_wconf 88' lang='lat' dir='ltr'>quam</span> <span class='ocrx_word' id='word_1_75' title='bbox 321 660 429 698; x_wconf 90' lang='lat' dir='ltr'><strong>posse</strong></span> <span class='ocrx_word' id='word_1_76' title='bbox 461 647 675 694; x_wconf 82' lang='lat' dir='ltr'><strong>decernere,</strong></span> <span class='ocrx_word' id='word_1_77' title='bbox 709 656 753 686; x_wconf 91' lang='lat' dir='ltr'><strong>ut</strong></span> <span class='ocrx_word' id='word_1_78' title='bbox 784 647 1010 698; x_wconf 85' lang='lat' dir='ltr'><strong>magistratu</strong></span> <span class='ocrx_word' id='word_1_79' title='bbox 1047 658 1085 684; x_wconf 91' lang='lat' dir='ltr'><strong>se</strong></span> <span class='ocrx_word' id='word_1_80' title='bbox 1117 644 1296 683; x_wconf 87' lang='lat' dir='ltr'><strong>abdicent</strong></span> 
     </span>
     <span class='ocr_line' id='line_1_11' title="bbox 171 699 1296 763; baseline 0 -27"><span class='ocrx_word' id='word_1_81' title='bbox 171 701 366 740; x_wconf 84' lang='lat' dir='ltr'><strong>consules.</strong></span> <span class='ocrx_word' id='word_1_82' title='bbox 358 703 375 728; x_wconf 62' lang='lat'><strong>&#39;³</strong></span> <span class='ocrx_word' id='word_1_83' title='bbox 405 701 500 763; x_wconf 74' lang='lat' dir='ltr'><strong>quid</strong></span> <span class='ocrx_word' id='word_1_84' title='bbox 528 702 754 753; x_wconf 69' lang='lat' dir='ltr'>religiosius,</span> <span class='ocrx_word' id='word_1_85' title='bbox 778 714 896 753; x_wconf 88' lang='lat' dir='ltr'>quam</span> <span class='ocrx_word' id='word_1_86' title='bbox 916 713 1005 738; x_wconf 92' lang='lat' dir='ltr'>cum</span> <span class='ocrx_word' id='word_1_87' title='bbox 1024 699 1183 751; x_wconf 90' lang='lat' dir='ltr'><strong>populo,</strong></span> <span class='ocrx_word' id='word_1_88' title='bbox 1204 711 1296 736; x_wconf 90' lang='lat' dir='ltr'>cum</span> 
     </span>
     <span class='ocr_line' id='line_1_12' title="bbox 171 753 1296 806; baseline -0.002 -14"><span class='ocrx_word' id='word_1_89' title='bbox 171 753 297 804; x_wconf 84' lang='lat' dir='ltr'><strong>plebe,</strong></span> <span class='ocrx_word' id='word_1_90' title='bbox 318 755 455 806; x_wconf 84' lang='lat' dir='ltr'><strong>agendi</strong></span> <span class='ocrx_word' id='word_1_91' title='bbox 474 757 538 805; x_wconf 90' lang='lat' dir='ltr'><strong>jus</strong></span> <span class='ocrx_word' id='word_1_92' title='bbox 557 765 625 794; x_wconf 86' lang='lat' dir='ltr'><strong>aut</strong></span> <span class='ocrx_word' id='word_1_93' title='bbox 643 756 731 795; x_wconf 84' lang='lat' dir='ltr'><strong>dare</strong></span> <span class='ocrx_word' id='word_1_94' title='bbox 750 763 817 794; x_wconf 90' lang='lat' dir='ltr'><strong>aut</strong></span> <span class='ocrx_word' id='word_1_95' title='bbox 835 767 914 793; x_wconf 90' lang='lat' dir='ltr'><strong>non</strong></span> <span class='ocrx_word' id='word_1_96' title='bbox 932 754 1053 792; x_wconf 85' lang='lat' dir='ltr'><strong>dare?</strong></span> <span class='ocrx_word' id='word_1_97' title='bbox 1083 753 1212 804; x_wconf 86' lang='lat' dir='ltr'><strong>quid?</strong></span> <span class='ocrx_word' id='word_1_98' title='bbox 1241 753 1296 790; x_wconf 91' lang='lat' dir='ltr'><strong>le-</strong></span> 
     </span>
     <span class='ocr_line' id='line_1_13' title="bbox 170 806 1296 862; baseline -0.001 -17"><span class='ocrx_word' id='word_1_99' title='bbox 170 821 274 858; x_wconf 92' lang='lat' dir='ltr'><strong>gem,</strong></span> <span class='ocrx_word' id='word_1_100' title='bbox 296 809 327 847; x_wconf 91' lang='lat' dir='ltr'><strong>si</strong></span> <span class='ocrx_word' id='word_1_101' title='bbox 347 822 423 847; x_wconf 91' lang='lat' dir='ltr'><strong>non</strong></span> <span class='ocrx_word' id='word_1_102' title='bbox 440 811 526 859; x_wconf 88' lang='lat' dir='ltr'><strong>jure</strong></span> <span class='ocrx_word' id='word_1_103' title='bbox 545 820 676 862; x_wconf 86' lang='lat' dir='ltr'><strong>rogata</strong></span> <span class='ocrx_word' id='word_1_104' title='bbox 695 825 733 849; x_wconf 82' lang='lat' dir='ltr'><strong>es</strong></span> <span class='ocrx_word' id='word_1_105' title='bbox 735 819 764 858; x_wconf 88' lang='lat' dir='ltr'><strong>t,</strong></span> <span class='ocrx_word' id='word_1_106' title='bbox 793 810 955 848; x_wconf 81' lang='lat' dir='ltr'><strong>tollere?</strong></span> <span class='ocrx_word' id='word_1_107' title='bbox 986 816 1030 846; x_wconf 89' lang='lat' dir='ltr'><strong>ut</strong></span> <span class='ocrx_word' id='word_1_108' title='bbox 1057 807 1205 845; x_wconf 84' lang='lat' dir='ltr'>Titiam</span> <span class='ocrx_word' id='word_1_109' title='bbox 1229 806 1296 845; x_wconf 90' lang='lat' dir='ltr'><strong>de-</strong></span> 
     </span>
     <span class='ocr_line' id='line_1_14' title="bbox 171 861 1296 924; baseline -0.001 -25"><span class='ocrx_word' id='word_1_110' title='bbox 171 870 272 901; x_wconf 91' lang='lat' dir='ltr'><strong>creto</strong></span> <span class='ocrx_word' id='word_1_111' title='bbox 298 864 474 924; x_wconf 81' lang='lat' dir='ltr'><strong>collegii·</strong></span> <span class='ocrx_word' id='word_1_112' title='bbox 463 893 474 910; x_wconf 94' lang='lat'>‚</span> <span class='ocrx_word' id='word_1_113' title='bbox 505 873 548 902; x_wconf 92' lang='lat' dir='ltr'><strong>ut</strong></span> <span class='ocrx_word' id='word_1_114' title='bbox 568 865 713 913; x_wconf 84' lang='lat' dir='ltr'>Livias,</span> <span class='ocrx_word' id='word_1_115' title='bbox 748 864 903 903; x_wconf 91' lang='lat' dir='ltr'><strong>consilio</strong></span> <span class='ocrx_word' id='word_1_116' title='bbox 924 862 1110 913; x_wconf 89' lang='lat' dir='ltr'><strong>Philippi,</strong></span> <span class='ocrx_word' id='word_1_117' title='bbox 1131 861 1296 899; x_wconf 87' lang='lat' dir='ltr'><strong>consulis</strong></span> 
     </span>
     <span class='ocr_line' id='line_1_15' title="bbox 170 915 1296 979; baseline -0.002 -25"><span class='ocrx_word' id='word_1_118' title='bbox 170 924 209 954; x_wconf 92' lang='lat' dir='ltr'><strong>et</strong></span> <span class='ocrx_word' id='word_1_119' title='bbox 233 918 414 979; x_wconf 81' lang='lat' dir='ltr'><strong>auguris:</strong></span> <span class='ocrx_word' id='word_1_120' title='bbox 446 919 543 956; x_wconf 91' lang='lat' dir='ltr'>nihil</span> <span class='ocrx_word' id='word_1_121' title='bbox 569 919 688 966; x_wconf 87' lang='lat' dir='ltr'><strong>domi,</strong></span> <span class='ocrx_word' id='word_1_122' title='bbox 716 919 813 956; x_wconf 90' lang='lat' dir='ltr'>nihil</span> <span class='ocrx_word' id='word_1_123' title='bbox 834 918 940 966; x_wconf 89' lang='lat' dir='ltr'><strong>foris,</strong></span> <span class='ocrx_word' id='word_1_124' title='bbox 960 930 1028 968; x_wconf 89' lang='lat' dir='ltr'><strong>per</strong></span> <span class='ocrx_word' id='word_1_125' title='bbox 1050 915 1296 966; x_wconf 84' lang='lat' dir='ltr'>magistratus</span> 
     </span>
     <span class='ocr_line' id='line_1_16' title="bbox 169 970 1296 1024; baseline -0.002 -15"><span class='ocrx_word' id='word_1_126' title='bbox 169 979 337 1021; x_wconf 89' lang='lat' dir='ltr'><strong>gestum,</strong></span> <span class='ocrx_word' id='word_1_127' title='bbox 358 972 438 1010; x_wconf 87' lang='lat' dir='ltr'><strong>sine</strong></span> <span class='ocrx_word' id='word_1_128' title='bbox 464 985 596 1013; x_wconf 89' lang='lat' dir='ltr'><strong>eorum</strong></span> <span class='ocrx_word' id='word_1_129' title='bbox 621 973 857 1021; x_wconf 86' lang='lat' dir='ltr'><strong>auctoritate,</strong></span> <span class='ocrx_word' id='word_1_130' title='bbox 876 984 985 1024; x_wconf 86' lang='lat' dir='ltr'><strong>posse</strong></span> <span class='ocrx_word' id='word_1_131' title='bbox 1008 970 1189 1022; x_wconf 83' lang='lat' dir='ltr'>cuiquam</span> <span class='ocrx_word' id='word_1_132' title='bbox 1207 982 1296 1021; x_wconf 50' lang='lat' dir='ltr'><strong>pro-1</strong></span> 
     </span>
     <span class='ocr_line' id='line_1_17' title="bbox 173 1025 291 1064; baseline 0 -1"><span class='ocrx_word' id='word_1_133' title='bbox 173 1025 291 1064; x_wconf 87' lang='lat' dir='ltr'><strong>bari?</strong></span> 
     </span>
    </p>

    <p class='ocr_par' dir='ltr' id='par_1_3' title="bbox 168 1079 1298 2278">
     <span class='ocr_line' id='line_1_18' title="bbox 223 1079 1296 1133; baseline -0.002 -15"><span class='ocrx_word' id='word_1_134' title='bbox 223 1079 352 1119; x_wconf 86' lang='lat' dir='ltr'>XIII.</span> <span class='ocrx_word' id='word_1_135' title='bbox 392 1081 563 1120; x_wconf 75' lang='lat' dir='ltr'><strong>Atticus.</strong></span> <span class='ocrx_word' id='word_1_136' title='bbox 606 1081 711 1133; x_wconf 88' lang='lat' dir='ltr'><strong>Age,</strong></span> <span class='ocrx_word' id='word_1_137' title='bbox 735 1082 818 1131; x_wconf 91' lang='lat' dir='ltr'>jam</span> <span class='ocrx_word' id='word_1_138' title='bbox 851 1081 924 1120; x_wconf 82' lang='lat' dir='ltr'>ista</span> <span class='ocrx_word' id='word_1_139' title='bbox 955 1079 1065 1119; x_wconf 86' lang='lat' dir='ltr'><strong>video</strong></span> <span class='ocrx_word' id='word_1_140' title='bbox 1097 1079 1296 1130; x_wconf 85' lang='lat' dir='ltr'><strong>fateorque</strong></span> 
     </span>
     <span class='ocr_line' id='line_1_19' title="bbox 170 1133 1296 1188; baseline -0.002 -16"><span class='ocrx_word' id='word_1_141' title='bbox 170 1146 249 1172; x_wconf 88' lang='lat' dir='ltr'><strong>esse</strong></span> <span class='ocrx_word' id='word_1_142' title='bbox 267 1146 433 1186; x_wconf 86' lang='lat' dir='ltr'>magna:</span> <span class='ocrx_word' id='word_1_143' title='bbox 465 1136 531 1174; x_wconf 84' lang='lat' dir='ltr'><strong>sed</strong></span> <span class='ocrx_word' id='word_1_144' title='bbox 557 1143 625 1185; x_wconf 90' lang='lat' dir='ltr'><strong>est,</strong></span> <span class='ocrx_word' id='word_1_145' title='bbox 649 1137 690 1174; x_wconf 89' lang='lat' dir='ltr'><strong>in</strong></span> <span class='ocrx_word' id='word_1_146' title='bbox 715 1136 874 1188; x_wconf 90' lang='lat' dir='ltr'><strong>collegio</strong></span> <span class='ocrx_word' id='word_1_147' title='bbox 899 1142 1036 1183; x_wconf 86' lang='lat' dir='ltr'><strong>vestro,</strong></span> <span class='ocrx_word' id='word_1_148' title='bbox 1057 1134 1155 1172; x_wconf 90' lang='lat' dir='ltr'><strong>inter</strong></span> <span class='ocrx_word' id='word_1_149' title='bbox 1183 1133 1296 1170; x_wconf 89' lang='lat' dir='ltr'><strong>Mar-</strong></span> 
     </span>
     <span class='ocr_line' id='line_1_20' title="bbox 170 1187 1297 1242; baseline -0.001 -17"><span class='ocrx_word' id='word_1_150' title='bbox 170 1188 313 1227; x_wconf 90' lang='lat' dir='ltr'><strong>cellum</strong></span> <span class='ocrx_word' id='word_1_151' title='bbox 332 1197 369 1227; x_wconf 86' lang='lat' dir='ltr'><strong>et</strong></span> <span class='ocrx_word' id='word_1_152' title='bbox 386 1190 580 1241; x_wconf 90' lang='lat' dir='ltr'><strong>Appium,</strong></span> <span class='ocrx_word' id='word_1_153' title='bbox 602 1190 766 1242; x_wconf 86' lang='lat' dir='ltr'><strong>optimos</strong></span> <span class='ocrx_word' id='word_1_154' title='bbox 785 1202 963 1242; x_wconf 86' lang='lat' dir='ltr'><strong>augures,</strong></span> <span class='ocrx_word' id='word_1_155' title='bbox 987 1201 1130 1239; x_wconf 84' lang='lat' dir='ltr'>magna</span> <span class='ocrx_word' id='word_1_156' title='bbox 1151 1187 1297 1225; x_wconf 88' lang='lat' dir='ltr'><strong>dissen-</strong></span> 
     </span>
     <span class='ocr_line' id='line_1_21' title="bbox 169 1240 1298 1296; baseline -0.002 -16"><span class='ocrx_word' id='word_1_157' title='bbox 169 1241 225 1281; x_wconf 88' lang='lat' dir='ltr'><strong>sio</strong></span> <span class='ocrx_word' id='word_1_158' title='bbox 253 1245 363 1286; x_wconf 88' lang='lat' dir='ltr'>(nam</span> <span class='ocrx_word' id='word_1_159' title='bbox 395 1257 528 1282; x_wconf 89' lang='lat' dir='ltr'><strong>eorum</strong></span> <span class='ocrx_word' id='word_1_160' title='bbox 561 1257 630 1296; x_wconf 86' lang='grc'><strong>030</strong></span> <span class='ocrx_word' id='word_1_161' title='bbox 658 1245 699 1282; x_wconf 89' lang='grc'><strong>111</strong></span> <span class='ocrx_word' id='word_1_162' title='bbox 729 1244 848 1283; x_wconf 82' lang='grc'>1111105</span> <span class='ocrx_word' id='word_1_163' title='bbox 876 1243 1036 1290; x_wconf 78' lang='lat' dir='ltr'>incidj)·</span> <span class='ocrx_word' id='word_1_164' title='bbox 1025 1271 1037 1288; x_wconf 88' lang='lat'><strong>‚</strong></span> <span class='ocrx_word' id='word_1_165' title='bbox 1068 1255 1158 1281; x_wconf 90' lang='lat' dir='ltr'>cum</span> <span class='ocrx_word' id='word_1_166' title='bbox 1188 1240 1298 1279; x_wconf 80' lang='lat' dir='ltr'><strong>alteri</strong></span> 
     </span>
     <span class='ocr_line' id='line_1_22' title="bbox 169 1295 1296 1350; baseline 0 -16"><span class='ocrx_word' id='word_1_167' title='bbox 169 1296 331 1347; x_wconf 88' lang='lat' dir='ltr'><strong>placeat,</strong></span> <span class='ocrx_word' id='word_1_168' title='bbox 359 1298 527 1350; x_wconf 89' lang='lat' dir='ltr'>auspicia</span> <span class='ocrx_word' id='word_1_169' title='bbox 551 1299 624 1337; x_wconf 84' lang='lat' dir='ltr'>ista</span> <span class='ocrx_word' id='word_1_170' title='bbox 651 1298 700 1336; x_wconf 89' lang='lat' dir='ltr'><strong>ad</strong></span> <span class='ocrx_word' id='word_1_171' title='bbox 731 1298 936 1336; x_wconf 89' lang='lat' dir='ltr'>utilitatem</span> <span class='ocrx_word' id='word_1_172' title='bbox 966 1310 1045 1336; x_wconf 91' lang='lat' dir='ltr'><strong>esse</strong></span> <span class='ocrx_word' id='word_1_173' title='bbox 1074 1295 1296 1348; x_wconf 85' lang='lat' dir='ltr'><strong>reipublicae</strong></span> 
     </span>
     <span class='ocr_line' id='line_1_23' title="bbox 169 1351 1295 1404; baseline -0.002 -15"><span class='ocrx_word' id='word_1_174' title='bbox 169 1351 404 1403; x_wconf 77' lang='lat' dir='ltr'><strong>composita3</strong></span> <span class='ocrx_word' id='word_1_175' title='bbox 446 1353 555 1391; x_wconf 84' lang='lat' dir='ltr'><strong>alteri</strong></span> <span class='ocrx_word' id='word_1_176' title='bbox 587 1353 787 1404; x_wconf 85' lang='lat' dir='ltr'>disciplina</span> <span class='ocrx_word' id='word_1_177' title='bbox 823 1360 946 1391; x_wconf 87' lang='lat' dir='ltr'><strong>vestra</strong></span> <span class='ocrx_word' id='word_1_178' title='bbox 982 1351 1092 1404; x_wconf 86' lang='lat' dir='ltr'>quasi</span> <span class='ocrx_word' id='word_1_179' title='bbox 1123 1351 1295 1388; x_wconf 88' lang='lat' dir='ltr'><strong>divinare</strong></span> 
     </span>
     <span class='ocr_line' id='line_1_24' title="bbox 168 1403 1296 1459; baseline -0.001 -16"><span class='ocrx_word' id='word_1_180' title='bbox 168 1405 342 1444; x_wconf 89' lang='lat' dir='ltr'><strong>videatur</strong></span> <span class='ocrx_word' id='word_1_181' title='bbox 360 1420 513 1458; x_wconf 90' lang='lat' dir='ltr'><strong>prorsus</strong></span> <span class='ocrx_word' id='word_1_182' title='bbox 531 1420 651 1459; x_wconf 89' lang='lat' dir='ltr'><strong>posse.</strong></span> <span class='ocrx_word' id='word_1_183' title='bbox 683 1407 771 1446; x_wconf 88' lang='lat' dir='ltr'><strong>Hac</strong></span> <span class='ocrx_word' id='word_1_184' title='bbox 799 1416 842 1445; x_wconf 92' lang='lat' dir='ltr'><strong>tu</strong></span> <span class='ocrx_word' id='word_1_185' title='bbox 869 1407 916 1445; x_wconf 90' lang='lat' dir='ltr'><strong>de</strong></span> <span class='ocrx_word' id='word_1_186' title='bbox 942 1419 995 1455; x_wconf 90' lang='lat' dir='ltr'><strong>re,</strong></span> <span class='ocrx_word' id='word_1_187' title='bbox 1026 1418 1170 1457; x_wconf 88' lang='lat' dir='ltr'><strong>quaero,</strong></span> <span class='ocrx_word' id='word_1_188' title='bbox 1200 1403 1296 1456; x_wconf 87' lang='lat' dir='ltr'>quid</span> 
     </span>
     <span class='ocr_line' id='line_1_25' title="bbox 168 1458 1296 1513; baseline -0.001 -16"><span class='ocrx_word' id='word_1_189' title='bbox 168 1459 319 1498; x_wconf 85' lang='lat' dir='ltr'><strong>sentias.</strong></span> <span class='ocrx_word' id='word_1_190' title='bbox 350 1462 532 1499; x_wconf 80' lang='lat' dir='ltr'><strong>Marcus.</strong></span> <span class='ocrx_word' id='word_1_191' title='bbox 562 1462 730 1513; x_wconf 80' lang='lat' dir='ltr'><strong>Egone?</strong></span> <span class='ocrx_word' id='word_1_192' title='bbox 751 1461 1039 1508; x_wconf 90' lang='lat' dir='ltr'><strong>divinationem,</strong></span> <span class='ocrx_word' id='word_1_193' title='bbox 1053 1472 1172 1512; x_wconf 90' lang='lat' dir='ltr'>quam</span> <span class='ocrx_word' id='word_1_194' title='bbox 1186 1458 1296 1496; x_wconf 86' lang='lat' dir='ltr'><strong>Grae-</strong></span> 
     </span>
     <span class='ocr_line' id='line_1_26' title="bbox 168 1513 1295 1568; baseline -0.002 -15"><span class='ocrx_word' id='word_1_195' title='bbox 168 1513 203 1553; x_wconf 90' lang='lat' dir='ltr'><strong>ci</strong></span> <span class='ocrx_word' id='word_1_196' title='bbox 225 1521 410 1559; x_wconf 79' lang='grc' dir='ltr'><em>Μαντικην</em></span> <span class='ocrx_word' id='word_1_197' title='bbox 429 1517 639 1568; x_wconf 84' lang='lat' dir='ltr'><strong>appellant,</strong></span> <span class='ocrx_word' id='word_1_198' title='bbox 661 1529 739 1554; x_wconf 91' lang='lat' dir='ltr'><strong>esse</strong></span> <span class='ocrx_word' id='word_1_199' title='bbox 758 1528 904 1563; x_wconf 87' lang='lat' dir='ltr'><strong>censeo,</strong></span> <span class='ocrx_word' id='word_1_200' title='bbox 925 1523 963 1553; x_wconf 90' lang='lat' dir='ltr'><strong>et</strong></span> <span class='ocrx_word' id='word_1_201' title='bbox 980 1514 1097 1564; x_wconf 90' lang='lat' dir='ltr'>hujus</span> <span class='ocrx_word' id='word_1_202' title='bbox 1117 1513 1244 1552; x_wconf 89' lang='lat' dir='ltr'>hanc</span> <span class='ocrx_word' id='word_1_203' title='bbox 1233 1525 1295 1564; x_wconf 92' lang='lat' dir='ltr'><strong>ip-</strong></span> 
     </span>
     <span class='ocr_line' id='line_1_27' title="bbox 171 1567 1297 1622; baseline 0 -16"><span class='ocrx_word' id='word_1_204' title='bbox 171 1581 253 1606; x_wconf 89' lang='lat' dir='ltr'><strong>sam</strong></span> <span class='ocrx_word' id='word_1_205' title='bbox 283 1577 446 1621; x_wconf 90' lang='lat' dir='ltr'><strong>partem,</strong></span> <span class='ocrx_word' id='word_1_206' title='bbox 481 1584 568 1622; x_wconf 88' lang='lat' dir='ltr'><strong>quae</strong></span> <span class='ocrx_word' id='word_1_207' title='bbox 599 1578 654 1609; x_wconf 85' lang='lat' dir='ltr'><strong>est</strong></span> <span class='ocrx_word' id='word_1_208' title='bbox 682 1571 723 1610; x_wconf 90' lang='lat' dir='ltr'><strong>in</strong></span> <span class='ocrx_word' id='word_1_209' title='bbox 755 1571 902 1618; x_wconf 88' lang='lat' dir='ltr'>avibus,</span> <span class='ocrx_word' id='word_1_210' title='bbox 931 1569 1148 1620; x_wconf 86' lang='lat' dir='ltr'><strong>caeterisque</strong></span> <span class='ocrx_word' id='word_1_211' title='bbox 1178 1567 1297 1618; x_wconf 86' lang='lat' dir='ltr'>signis</span> 
     </span>
     <span class='ocr_line' id='line_1_28' title="bbox 170 1622 1296 1676; baseline -0.002 -15"><span class='ocrx_word' id='word_1_212' title='bbox 170 1622 381 1675; x_wconf 79' lang='lat' dir='ltr'><strong>disciplinae</strong></span> <span class='ocrx_word' id='word_1_213' title='bbox 413 1633 579 1671; x_wconf 88' lang='lat' dir='ltr'><strong>nostrae;</strong></span> <span class='ocrx_word' id='word_1_214' title='bbox 611 1624 728 1676; x_wconf 92' lang='lat' dir='ltr'><strong>quod,</strong></span> <span class='ocrx_word' id='word_1_215' title='bbox 761 1637 850 1663; x_wconf 88' lang='lat' dir='ltr'>cum</span> <span class='ocrx_word' id='word_1_216' title='bbox 878 1636 1049 1663; x_wconf 90' lang='lat' dir='ltr'>summos</span> <span class='ocrx_word' id='word_1_217' title='bbox 1081 1623 1186 1660; x_wconf 87' lang='lat' dir='ltr'><strong>Deos</strong></span> <span class='ocrx_word' id='word_1_218' title='bbox 1217 1634 1296 1660; x_wconf 91' lang='lat' dir='ltr'><strong>esse</strong></span> 
     </span>
     <span class='ocr_line' id='line_1_29' title="bbox 170 1676 1297 1731; baseline -0.003 -15"><span class='ocrx_word' id='word_1_219' title='bbox 170 1678 436 1726; x_wconf 75' lang='lat' dir='ltr'><strong>concedamus,</strong></span> <span class='ocrx_word' id='word_1_220' title='bbox 456 1692 665 1731; x_wconf 89' lang='lat' dir='ltr'><strong>eorumque</strong></span> <span class='ocrx_word' id='word_1_221' title='bbox 683 1686 812 1718; x_wconf 91' lang='lat' dir='ltr'><strong>mente</strong></span> <span class='ocrx_word' id='word_1_222' title='bbox 833 1677 1026 1717; x_wconf 88' lang='lat' dir='ltr'>mundum</span> <span class='ocrx_word' id='word_1_223' title='bbox 1049 1676 1142 1728; x_wconf 89' lang='lat' dir='ltr'><strong>regi,</strong></span> <span class='ocrx_word' id='word_1_224' title='bbox 1172 1683 1210 1714; x_wconf 92' lang='lat' dir='ltr'><strong>et</strong></span> <span class='ocrx_word' id='word_1_225' title='bbox 1233 1688 1297 1714; x_wconf 83' lang='lat' dir='ltr'><strong>eo-</strong></span> 
     </span>
     <span class='ocr_line' id='line_1_30' title="bbox 169 1729 1297 1795; baseline -0.002 -25"><span class='ocrx_word' id='word_1_226' title='bbox 169 1732 348 1771; x_wconf 89' lang='lat' dir='ltr'><strong>rumdem</strong></span> <span class='ocrx_word' id='word_1_227' title='bbox 367 1733 642 1795; x_wconf 85' lang='lat' dir='ltr'>benignitatem</span> <span class='ocrx_word' id='word_1_228' title='bbox 660 1734 865 1774; x_wconf 84' lang='lat' dir='ltr'>hominum</span> <span class='ocrx_word' id='word_1_229' title='bbox 883 1732 1076 1773; x_wconf 84' lang='lat' dir='ltr'><strong>consulere</strong></span> <span class='ocrx_word' id='word_1_230' title='bbox 1094 1729 1238 1782; x_wconf 87' lang='lat' dir='ltr'><strong>generi,</strong></span> <span class='ocrx_word' id='word_1_231' title='bbox 1259 1737 1297 1768; x_wconf 92' lang='lat' dir='ltr'><strong>et</strong></span> 
     </span>
     <span class='ocr_line' id='line_1_31' title="bbox 170 1785 1294 1839; baseline -0.003 -14"><span class='ocrx_word' id='word_1_232' title='bbox 170 1799 280 1837; x_wconf 84' lang='lat' dir='ltr'><strong>posse</strong></span> <span class='ocrx_word' id='word_1_233' title='bbox 299 1788 408 1826; x_wconf 90' lang='lat' dir='ltr'><strong>nobis</strong></span> <span class='ocrx_word' id='word_1_234' title='bbox 433 1788 542 1839; x_wconf 88' lang='lat' dir='ltr'>signa</span> <span class='ocrx_word' id='word_1_235' title='bbox 565 1801 694 1827; x_wconf 90' lang='lat' dir='ltr'><strong>rerum</strong></span> <span class='ocrx_word' id='word_1_236' title='bbox 720 1787 941 1827; x_wconf 87' lang='lat' dir='ltr'><strong>futurarum</strong></span> <span class='ocrx_word' id='word_1_237' title='bbox 967 1785 1186 1830; x_wconf 85' lang='lat' dir='ltr'><strong>ostendere;</strong></span> <span class='ocrx_word' id='word_1_238' title='bbox 1217 1796 1294 1822; x_wconf 90' lang='lat' dir='ltr'><strong>non</strong></span> 
     </span>
     <span class='ocr_line' id='line_1_32' title="bbox 171 1840 1293 1893; baseline -0.001 -15"><span class='ocrx_word' id='word_1_239' title='bbox 171 1840 281 1879; x_wconf 90' lang='lat' dir='ltr'><strong>video</strong></span> <span class='ocrx_word' id='word_1_240' title='bbox 299 1854 367 1880; x_wconf 89' lang='lat' dir='ltr'><strong>cur</strong></span> <span class='ocrx_word' id='word_1_241' title='bbox 386 1855 464 1880; x_wconf 63' lang='lat' dir='ltr'><strong>esse</strong></span> <span class='ocrx_word' id='word_1_242' title='bbox 483 1842 755 1882; x_wconf 81' lang='lat' dir='ltr'><strong>divinationem</strong></span> <span class='ocrx_word' id='word_1_243' title='bbox 775 1855 926 1893; x_wconf 89' lang='lat' dir='ltr'><strong>negem.</strong></span> <span class='ocrx_word' id='word_1_244' title='bbox 970 1842 1071 1879; x_wconf 89' lang='lat' dir='ltr'>Sunt</span> <span class='ocrx_word' id='word_1_245' title='bbox 1088 1847 1219 1878; x_wconf 87' lang='lat' dir='ltr'><strong>autem</strong></span> <span class='ocrx_word' id='word_1_246' title='bbox 1234 1851 1293 1887; x_wconf 88' lang='grc'><strong>03,</strong></span> 
     </span>
     <span class='ocr_line' id='line_1_33' title="bbox 171 1893 1295 1949; baseline -0.002 -17"><span class='ocrx_word' id='word_1_247' title='bbox 171 1907 259 1946; x_wconf 88' lang='lat' dir='ltr'><strong>quae</strong></span> <span class='ocrx_word' id='word_1_248' title='bbox 277 1896 402 1947; x_wconf 91' lang='lat' dir='ltr'><strong>posui,</strong></span> <span class='ocrx_word' id='word_1_249' title='bbox 423 1909 471 1934; x_wconf 84' lang='lat' dir='ltr'><strong>ex</strong></span> <span class='ocrx_word' id='word_1_250' title='bbox 491 1897 632 1949; x_wconf 90' lang='lat' dir='ltr'><strong>quibus</strong></span> <span class='ocrx_word' id='word_1_251' title='bbox 650 1896 704 1944; x_wconf 91' lang='lat' dir='ltr'><strong>id,</strong></span> <span class='ocrx_word' id='word_1_252' title='bbox 734 1896 838 1948; x_wconf 92' lang='lat' dir='ltr'><strong>quod</strong></span> <span class='ocrx_word' id='word_1_253' title='bbox 857 1896 1050 1943; x_wconf 90' lang='lat' dir='ltr'><strong>volumus,</strong></span> <span class='ocrx_word' id='word_1_254' title='bbox 1071 1893 1232 1932; x_wconf 88' lang='lat' dir='ltr'><strong>efficitur</strong></span> <span class='ocrx_word' id='word_1_255' title='bbox 1257 1900 1295 1931; x_wconf 90' lang='lat' dir='ltr'><strong>et</strong></span> 
     </span>
     <span class='ocr_line' id='line_1_34' title="bbox 170 1948 1294 2002; baseline -0.001 -16"><span class='ocrx_word' id='word_1_256' title='bbox 170 1949 330 1999; x_wconf 87' lang='lat' dir='ltr'><strong>cogitur.</strong></span> <span class='ocrx_word' id='word_1_257' title='bbox 377 1951 406 1988; x_wconf 84' lang='lat' dir='ltr'><em>J</em></span> <span class='ocrx_word' id='word_1_258' title='bbox 409 1963 472 1988; x_wconf 86' lang='lat' dir='ltr'>am</span> <span class='ocrx_word' id='word_1_259' title='bbox 510 1964 599 1989; x_wconf 91' lang='lat' dir='ltr'><strong>vero</strong></span> <span class='ocrx_word' id='word_1_260' title='bbox 635 1950 916 2002; x_wconf 90' lang='lat' dir='ltr'><strong>permultorum</strong></span> <span class='ocrx_word' id='word_1_261' title='bbox 952 1948 1218 2000; x_wconf 77' lang='lat' dir='ltr'><strong>exemplorum</strong></span> <span class='ocrx_word' id='word_1_262' title='bbox 1255 1953 1294 1987; x_wconf 85' lang='lat' dir='ltr'><strong>et</strong></span> 
     </span>
     <span class='ocr_line' id='line_1_35' title="bbox 170 2004 1293 2056; baseline -0.001 -16"><span class='ocrx_word' id='word_1_263' title='bbox 170 2011 299 2041; x_wconf 89' lang='lat' dir='ltr'><strong>nostra</strong></span> <span class='ocrx_word' id='word_1_264' title='bbox 328 2012 383 2042; x_wconf 90' lang='lat' dir='ltr'><strong>est</strong></span> <span class='ocrx_word' id='word_1_265' title='bbox 401 2005 515 2056; x_wconf 86' lang='lat' dir='ltr'><strong>plena</strong></span> <span class='ocrx_word' id='word_1_266' title='bbox 533 2005 759 2056; x_wconf 87' lang='lat' dir='ltr'><strong>respublica,</strong></span> <span class='ocrx_word' id='word_1_267' title='bbox 779 2013 817 2042; x_wconf 91' lang='lat' dir='ltr'><strong>et</strong></span> <span class='ocrx_word' id='word_1_268' title='bbox 835 2004 965 2042; x_wconf 88' lang='grc'>01111113</span> <span class='ocrx_word' id='word_1_269' title='bbox 983 2015 1114 2054; x_wconf 86' lang='grc'>103113,</span> <span class='ocrx_word' id='word_1_270' title='bbox 1140 2013 1293 2040; x_wconf 84' lang='lat' dir='ltr'><strong>omnes-</strong></span> 
     </span>
     <span class='ocr_line' id='line_1_36' title="bbox 170 2054 1291 2111; baseline -0.001 -16"><span class='ocrx_word' id='word_1_271' title='bbox 170 2070 247 2110; x_wconf 91' lang='lat' dir='ltr'><strong>que</strong></span> <span class='ocrx_word' id='word_1_272' title='bbox 275 2059 422 2109; x_wconf 91' lang='lat' dir='ltr'><strong>populi,</strong></span> <span class='ocrx_word' id='word_1_273' title='bbox 450 2068 671 2111; x_wconf 86' lang='lat' dir='ltr'><strong>cunctaeque</strong></span> <span class='ocrx_word' id='word_1_274' title='bbox 702 2066 847 2110; x_wconf 88' lang='lat' dir='ltr'><strong>gentes,</strong></span> <span class='ocrx_word' id='word_1_275' title='bbox 877 2070 1070 2109; x_wconf 88' lang='lat' dir='ltr'>augurum</span> <span class='ocrx_word' id='word_1_276' title='bbox 1101 2054 1291 2107; x_wconf 87' lang='lat' dir='ltr'><strong>praedictis</strong></span> 
     </span>
     <span class='ocr_line' id='line_1_37' title="bbox 171 2109 1290 2163; baseline -0.002 -14"><span class='ocrx_word' id='word_1_277' title='bbox 171 2111 297 2150; x_wconf 83' lang='lat' dir='ltr'>multa</span> <span class='ocrx_word' id='word_1_278' title='bbox 314 2112 584 2152; x_wconf 83' lang='lat' dir='ltr'><strong>incredibiliter</strong></span> <span class='ocrx_word' id='word_1_279' title='bbox 601 2127 690 2152; x_wconf 85' lang='lat' dir='ltr'><strong>vera</strong></span> <span class='ocrx_word' id='word_1_280' title='bbox 707 2113 894 2152; x_wconf 86' lang='lat' dir='ltr'><strong>cecidisse.</strong></span> <span class='ocrx_word' id='word_1_281' title='bbox 935 2112 1076 2163; x_wconf 91' lang='lat' dir='ltr'><strong>Neque</strong></span> <span class='ocrx_word' id='word_1_282' title='bbox 1094 2109 1198 2149; x_wconf 88' lang='lat' dir='ltr'><strong>enim</strong></span> <span class='ocrx_word' id='word_1_283' title='bbox 1213 2109 1290 2150; x_wconf 86' lang='lat' dir='ltr'><strong>Po.</strong></span> 
     </span>
     <span class='ocr_line' id='line_1_38' title="bbox 168 2163 1291 2219; baseline -0.001 -16"><span class='ocrx_word' id='word_1_284' title='bbox 168 2165 279 2216; x_wconf 87' lang='lat' dir='ltr'>lyidi,</span> <span class='ocrx_word' id='word_1_285' title='bbox 300 2177 424 2217; x_wconf 90' lang='lat' dir='ltr'><strong>neque</strong></span> <span class='ocrx_word' id='word_1_286' title='bbox 443 2167 718 2219; x_wconf 86' lang='lat' dir='ltr'><strong>Melampodis,</strong></span> <span class='ocrx_word' id='word_1_287' title='bbox 738 2179 863 2219; x_wconf 88' lang='lat' dir='ltr'><strong>neque</strong></span> <span class='ocrx_word' id='word_1_288' title='bbox 881 2165 1029 2218; x_wconf 85' lang='lat' dir='ltr'><strong>Mopsi,</strong></span> <span class='ocrx_word' id='word_1_289' title='bbox 1046 2177 1170 2216; x_wconf 78' lang='lat' dir='ltr'><strong>neque</strong></span> <span class='ocrx_word' id='word_1_290' title='bbox 1187 2163 1291 2203; x_wconf 89' lang='lat' dir='ltr'>Am-</span> 
     </span>
     <span class='ocr_line' id='line_1_39' title="bbox 168 2219 1290 2278; baseline -0.003 -18"><span class='ocrx_word' id='word_1_291' title='bbox 168 2219 333 2271; x_wconf 83' lang='lat' dir='ltr'>phiarai,</span> <span class='ocrx_word' id='word_1_292' title='bbox 353 2232 478 2273; x_wconf 89' lang='lat' dir='ltr'><strong>neque</strong></span> <span class='ocrx_word' id='word_1_293' title='bbox 493 2221 728 2272; x_wconf 83' lang='lat' dir='ltr'>Calchantis,</span> <span class='ocrx_word' id='word_1_294' title='bbox 743 2233 868 2278; x_wconf 85' lang='lat' dir='ltr'><strong>neque</strong></span> <span class='ocrx_word' id='word_1_295' title='bbox 883 2220 1041 2269; x_wconf 89' lang='lat' dir='ltr'><strong>Heleni,</strong></span> <span class='ocrx_word' id='word_1_296' title='bbox 1057 2226 1210 2260; x_wconf 76' lang='lat' dir='ltr'><strong>tantum</strong></span> <span class='ocrx_word' id='word_1_297' title='bbox 1221 2229 1290 2258; x_wconf 88' lang='lat' dir='ltr'><strong>no-</strong></span> 
     </span>
    </p>
   </div>
  </div>
 </body>
</html>
