1470 2402
359 71 439 112 DE
465 71 772 121 AMICITIA,
802 71 910 112 CAP.
932 72 971 111 4.
1151 72 1230 118 371

97 180 147 221 de
163 181 387 234 republica:
414 183 525 233 cujus
540 181 810 235 disputationis
825 181 901 221 fuit
920 189 1138 221 extremum
1157 181 1238 222 fere

99 235 149 276 de
174 236 465 276 immortalitate
490 237 736 282 ani1norun13
768 251 856 289 quae
882 250 920 276 se
947 237 987 274 in
1014 237 1142 289 quiete
1166 250 1237 290 per

35 292 42 296 ’
101 291 229 331 visum
249 305 297 330 ex
316 291 506 330 Africano
524 292 677 330 audisse
695 291 857 330 dicebat.
900 291 949 329 ld
976 292 1006 330 si
1026 293 1081 330 ita
1100 299 1169 339 est,
1191 299 1236 331 ut

99 346 239 399 optimi
267 348 455 398 cujusque
481 347 634 384 animus
662 346 703 384 in
732 354 855 385 morte
884 346 1067 385 facillime
1095 347 1234 395 evolet,

99 408 302 453 tamquam
331 414 351 439 e
377 401 550 440 custodia
576 401 817 453 vinculisque
844 401 1035 452 corporis;
1067 401 1129 440 cui
1149 414 1237 440 cen-

98 469 226 494 semus
246 468 400 494 cursum
422 455 470 494 ad
498 455 602 494 Deos
627 455 837 494 faciliorem
860 455 992 503 fuisse,
1015 469 1134 508 quam
1154 456 1236 495 Sci-

96 510 237 563 pioni?
279 510 485 558 Quocirca,
514 523 671 548 moerere
697 510 770 549 hoc
796 511 879 560 ejus
906 519 1059 557 eventu,
1090 523 1234 558 vereor,

97 577 147 604 ne
165 564 287 603 invidi
305 565 430 616 magis
450 577 569 617 quam
591 565 705 603 amici
725 565 785 603 sit.
827 565 895 604 Sin
923 573 1053 604 autem
1081 565 1149 603 illa
1172 578 1236 604 ve-

94 619 209 668 riora,
230 628 275 658 ut
301 619 405 658 idem
430 620 607 658 interitus
635 619 682 658 sit
707 620 927 658 animorum
954 628 990 658 et
1014 633 1233 672 corporum,

94 686 165 714 nec
183 675 288 714 ullus
308 687 440 713 sensus
459 682 639 719 maneat;
671 682 715 712 ut
734 675 832 712 nihil
851 674 942 713 boni
962 683 1017 712 est
1036 675 1076 712 in
1097 683 1235 722 morte,

96 729 149 768 sic
177 737 277 768 certe
301 729 396 768 nihil
426 729 544 767 mali:
581 742 693 767 sensu
723 729 827 768 enim
856 729 1010 775 amisso,
1041 730 1084 767 fit
1112 729 1233 777 idem,

96 784 209 837 quasi
242 792 356 822 natus
389 796 466 823 non
500 791 595 822 esset
625 784 808 822 omnino:
850 797 966 836 quem
996 791 1126 823 tamen
1156 797 1236 823 esse

96 846 234 877 natum
262 846 299 878 et
325 851 394 878 nos
420 838 650 891 gaudemus,
675 847 713 877 et
740 839 823 878 haec
847 839 993 887 civitas,
1022 838 1119 877 dum
1146 839 1231 888 erit,

94 893 301 932 laetabitur.

150 948 436 999 Quamobrem,
472 961 561 988 curn
595 948 663 987 illo
697 950 856 1001 quidem
892 952 953 993 (ut
987 961 1104 1001 supra
1133 948 1232 997 dixi)

99 1010 230 1043 actum
264 1004 410 1056 optime
447 1011 531 1049 est;
574 1017 727 1042 mecum
761 1003 1073 1049 incommodius3
1117 1016 1235 1056 quem

97 1058 226 1097 fuerat
255 1058 419 1111 aequius,
444 1067 489 1097 ut
514 1058 621 1111 prius
648 1059 885 1107 introieram,
915 1059 967 1098 sic
995 1059 1102 1121 prius
1133 1058 1238 1098 exire

99 1113 148 1152 de
166 1113 258 1152 vita.
299 1113 376 1153 Sed
395 1121 525 1153 tamen
546 1114 805 1153 recordatione
824 1123 963 1153 nostrae
986 1114 1164 1152 amicitiae
1183 1113 1237 1152 sic

97 1167 220 1215 fruor,
251 1175 298 1207 ut
330 1170 440 1208 beate
472 1169 612 1208 vixisse
642 1169 785 1217 videar,
816 1170 909 1222 quia
939 1182 1029 1208 cum
1058 1169 1237 1221 Scipione

98 1222 261 1262 vixerim
275 1237 288 1267 ς
315 1237 484 1276 quocum
499 1224 598 1262 mihi
613 1225 819 1274 conjuncta
833 1238 924 1264 cura
945 1225 992 1263 de
1018 1237 1058 1263 re
1077 1223 1236 1276 publica

97 1285 136 1317 et
153 1277 202 1317 de
221 1277 369 1330 privata
387 1279 476 1328 fuit,
504 1292 673 1332 quocum
694 1287 731 1318 et
750 1279 889 1319 domus
915 1288 952 1318 et
971 1279 1112 1317 militia
1130 1291 1236 1317 com-

97 1333 254 1380 munis,
243 1347 254 1357 ·
285 1341 323 1372 et
342 1334 414 1383 (id,
437 1335 479 1372 in
494 1347 572 1387 quo
585 1342 640 1373 est
660 1335 786 1374 omnis
806 1335 862 1374 vis
881 1334 1076 1381 amicitiae)
1098 1334 1236 1372 volun-

97 1394 237 1438 tatum,
258 1389 490 1452 studiorum,
515 1390 807 1437 sententiarum,
843 1403 997 1429 summa
1025 1388 1234 1428 consensio.

97 1442 237 1504 Itaque
255 1456 334 1482 non
353 1452 434 1483 tam
453 1444 527 1483 ista
545 1458 608 1483 me
628 1445 838 1497 sapientia),
855 1459 974 1498 quam
995 1443 1110 1483 modo
1131 1443 1236 1481 Fan-

95 1496 184 1536 nius
203 1499 534 1547 commemoravit,
555 1499 660 1538 fama
685 1499 861 1547 delectat,
882 1499 980 1538 falsa
1006 1497 1233 1559 praesertim,

96 1565 217 1604 quam
237 1553 343 1605 quod
361 1554 539 1592 amicitiae
558 1562 696 1593 nostrae
715 1554 944 1593 memoriam
964 1566 1074 1605 spero
1094 1552 1236 1604 sempi-

97 1614 248 1646 ternam
268 1607 360 1646 fore.
403 1608 529 1660 quue
554 1608 652 1647 mihi
678 1622 722 1647 eo
748 1609 873 1660 magis
898 1617 954 1647 est
973 1608 1092 1654 cordi,
1113 1606 1234 1659 quod,

98 1674 147 1701 ex
165 1662 347 1701 omnibus
366 1663 528 1711 saeculis,
549 1663 616 1701 vix
636 1663 709 1702 tria
723 1671 790 1702 aut
804 1671 971 1716 quatuor
985 1662 1236 1701 nominantur

96 1716 206 1769 paria
223 1717 462 1756 amicorum:
494 1731 573 1780 quo
591 1718 632 1756 in
651 1731 790 1770 genere
818 1731 968 1770 sperare
988 1717 1132 1765 videor,
1153 1715 1241 1755 Sci-

95 1771 222 1824 pionis
241 1779 278 1810 et
298 1771 412 1810 Laelii
431 1773 642 1812 amicitiam
661 1780 794 1811 notam
814 1772 1026 1824 posteritati
1045 1772 1138 1811 fore.

152 1828 348 1865 Fannius.
389 1826 503 1866 Istud
531 1827 705 1879 quidem,
738 1827 852 1876 Laeli,
885 1827 939 1866 ita
968 1839 1119 1866 necesse
1149 1831 1232 1864 est:

97 1880 178 1930 sed,
200 1880 385 1934 quoniam
411 1882 590 1921 amicitiae
615 1882 852 1921 mentionem
876 1881 1013 1930 fecisti,
1038 1889 1076 1920 et
1101 1892 1236 1919 sumus

97 1935 223 1982 otiosi,
244 1944 469 1988 pergratum
488 1936 589 1974 mihi
608 1936 755 1983 feceris,
777 1940 903 1988 (spero
922 1936 1016 1975 item
1037 1935 1235 1982 Scaevolae)

97 1990 144 2038 si,
165 1990 498 2043 quemadmodum
518 1992 614 2030 soles
633 1992 682 2030 de
701 1992 845 2030 caeteris
865 1992 993 2039 rebus,
1015 2003 1105 2030 cum
1129 2003 1177 2028 ex
1196 1997 1235 2027 te

97 2053 340 2108 quaeruntur,
361 2045 416 2084 sic
440 2046 488 2085 de
514 2046 685 2085 amicitia
709 2046 931 2098 disputaris,
955 2045 1052 2098 quid
1077 2044 1232 2093 sentias,

97 2099 256 2152 qualem
275 2100 484 2148 existimes,
506 2114 594 2153 quae
613 2110 805 2153 praecepta
822 2101 900 2140 des.

153 2155 340 2193 Scaevola.
370 2154 479 2194 Mihi
495 2168 586 2194 vero
604 2163 830 2208 pergratum
854 2155 950 2195 erit.
981 2161 1113 2207 atque,
1133 2153 1236 2206 idip-

94 2221 184 2248 sum
202 2222 306 2249 011111
321 2217 451 2250 tecum
475 2223 588 2264 agere
612 2222 784 2261 conarer,
805 2209 990 2258 Fannius
1003 2207 1231 2250 antevertit·
