1470 2402
127 101 207 140 236
314 99 394 139 DE
422 99 688 151 OFFICIIS,
707 99 809 139 1113.
831 99 866 139 Ι.
887 97 995 139 CAP.
1015 100 1082 139 30.

130 209 301 258 erectior,
322 210 499 271 quamvis
517 210 716 262 voluptate
733 209 920 262 capiatur,
940 211 1106 250 occultat
1125 216 1164 250 et
1180 203 1259 250 ‘dis-

132 265 290 303 simulat
309 264 525 316 appetitum
544 265 766 316 voluptatis,
792 272 948 316 propter
973 265 1258 303 verecundiam.

133 318 201 357 Ex
230 332 307 371 quo
337 319 578 370 intelligitur,
609 319 774 371 corporis
799 319 1039 371 voluptatem
1064 332 1143 358 non
1169 319 1262 358 satis

134 386 214 412 esse
241 373 401 424 dignam
427 373 595 412 hominis
623 373 859 425 praestantia,
881 386 1044 435 eamque
1067 374 1262 413 contemni

136 435 175 466 et
192 427 299 477 rejici
316 435 511 479 oportere:
543 428 601 466 sin
624 428 673 466 sit
690 427 897 489 quispiam,
925 428 994 480 qui
1019 427 1167 480 aliquid
1192 427 1264 466 tri-

135 483 231 520 buat
249 482 450 533 voluptati,
470 482 672 533 diligenter
690 482 725 520 ei
743 482 954 520 tenendum
980 495 1059 521 aese
1077 483 1166 544 ejus
1179 482 1264 521 fru-

137 536 247 574 endae
264 536 439 574 modum.
479 536 620 588 Itaque
643 536 767 575 victus
793 537 996 589 cultusque
1021 536 1187 589 corporis
1212 536 1263 575 ad

138 590 399 630 valetudinem
418 590 644 640 referantur,
665 598 702 629 et
720 590 771 629 ad
789 591 901 639 vires,
921 603 999 629 non
1017 590 1068 629 ad
1086 591 1264 643 voluptae

138 652 231 684 tem.
273 645 409 697 Atque
427 645 558 692 etiam,
579 645 610 684 si
629 645 864 684 considerare
882 645 1076 694 volumus,
1106 659 1195 697 quae
1213 645 1264 684 sit

138 699 181 737 in
199 700 338 738 natura
357 700 581 738 excellentia
598 707 636 738 et
654 699 834 751 dignitas,
854 699 1128 751 intelligemuS,
1142 712 1263 752 quam

139 754 189 792 sit
208 761 319 806 turpe
337 753 510 792 diffluere
527 754 698 802 luxuria,
719 762 758 793 et
781 754 940 793 delicate
957 767 1002 793 ac
1020 753 1188 792 molliter
1206 753 1266 792 vi·-

139 821 255 854 vere,
244 822 254 831 ·
286 821 482 861 quamque
510 808 730 859 honestum,
763 822 890 861 parce,
922 808 1173 859 continenter,
1207 821 1267 847 se-

143 875 244 911 vere,
265 863 400 901 sobrie.

195 916 500 968 Intelligendum
512 924 568 957 est
582 918 712 967 etiam,
726 917 877 957 duabus
891 917 1003 970 quasi
1012 929 1082 957 nos
1092 930 1116 956 a
1126 915 1267 957 natura

140 971 295 1010 indutos
315 985 393 1010 essse
406 972 600 1024 personis;
631 986 798 1025 quarum
811 985 891 1011 una
904 980 961 1011 est
974 972 1204 1020 communis,
1217 985 1267 1011 ex

141 1039 186 1065 eo
204 1026 309 1078 quod
321 1039 453 1065 omnes
464 1027 667 1079 participes
681 1041 816 1066 sumus
832 1027 1003 1075 rationis,
1018 1026 1268 1079 praestantii&

141 1093 218 1132 que
236 1081 332 1130 ejus,
353 1081 433 1132 qua
460 1082 723 1120 antecellimus
749 1082 894 1131 bestiis,
921 1095 944 1120 a
962 1095 1042 1133 qua
1065 1093 1180 1120 omne
1196 1081 1269 1119 ho-

140 1142 295 1173 naetum
324 1134 582 1187 decorumque
612 1137 789 1186 trahitur,
821 1149 869 1175 ex
895 1149 974 1188 quo
998 1135 1096 1174 ratio
1120 1135 1269 1174 inveni-

143 1189 233 1227 endi
259 1188 374 1227 officii
401 1190 642 1241 exquiritur3
672 1191 793 1229 altera
819 1198 965 1238 autem,
997 1203 1085 1242 quae
1114 1190 1269 1242 proprie

141 1243 303 1295 singulis
322 1251 378 1281 est
397 1244 553 1282 tributa.
594 1246 652 1284 Ut
676 1245 779 1283 enim
804 1245 845 1283 in
871 1245 1092 1296 corporibus
1116 1257 1271 1295 magnae

142 1297 472 1336 dissimilitudines
496 1306 588 1337 sunt
612 1299 723 1342 (alios
749 1300 852 1338 enim
871 1299 1046 1337 videmus
1070 1298 1272 1337 velocitate

142 1351 193 1390 ad
212 1365 382 1402 cursum,
403 1353 496 1391 alios
515 1353 660 1391 viribus
679 1354 728 1391 ad
741 1353 970 1392 luctandum
984 1353 1129 1399 valere3
1155 1353 1270 1391 item-

143 1419 220 1458 que
238 1407 279 1445 in
304 1406 439 1445 formis
464 1407 548 1446 aliis
573 1408 801 1458 dignitatem
826 1408 962 1455 inesse,
989 1407 1074 1446 aliis
1092 1414 1271 1445 venusta-

143 1468 254 1509 tem),
266 1461 318 1500 sic
335 1461 377 1499 in
396 1461 534 1501 animis
549 1462 736 1500 exsistunt
754 1463 870 1501 etiam
883 1463 1047 1512 majores
1059 1461 1270 1500 varietates.

197 1515 298 1554 Erat
315 1515 357 1553 in
377 1515 426 1554 L.
444 1516 581 1555 Crasso
596 1524 634 1554 et
651 1517 692 1554 in
712 1517 761 1554 1..
776 1517 960 1568 Philippo
973 1516 1122 1554 multus
1134 1516 1241 1568 lepos
1254 1529 1268 1562 ς

144 1571 269 1620 major
293 1570 425 1620 etiam,
451 1570 653 1623 magisque
676 1570 725 1609 de
747 1571 950 1620 industria,
977 1571 1018 1609 in
1044 1570 1089 1609 C.
1104 1570 1269 1619 Caesare,

145 1625 262 1663 Lucii
285 1624 391 1671 filio;
420 1632 461 1663 at
484 1625 620 1663 iisdem
646 1626 882 1678 temporibus
905 1625 946 1663 in
970 1624 1032 1663 M.
1054 1625 1211 1672 Scauro,
1232 1632 1271 1663 et

144 1679 187 1717 in
207 1678 270 1717 M.
291 1679 422 1717 Druso
441 1679 690 1729 adolescente,
711 1680 914 1731 singularis
933 1679 1134 1725 severitas3
1163 1679 1205 1717 in
1220 1678 1268 1718 C.

146 1733 270 1772 Laelio
283 1734 409 1772 multa
421 1733 616 1780 hilaritas3
646 1734 688 1773 in
707 1736 789 1784 ejus
802 1734 984 1773 familiari
995 1733 1172 1786 Scipione
1184 1746 1268 1772 am-

144 1787 241 1826 bitio
259 1789 398 1837 major,
418 1788 496 1826 vita
514 1788 666 1827 tristior.
707 1788 771 1828 De
791 1789 934 1828 Graecis
951 1796 1097 1836 autem,
1111 1787 1266 1826 dulcem

146 1849 185 1882 et
201 1842 383 1889 facetum,
403 1842 606 1895 festivique
624 1843 822 1892 sermonis,
849 1851 965 1895 atque
989 1843 1030 1881 in
1049 1842 1156 1882 omni
1180 1855 1265 1881 ora-

145 1896 249 1935 tione
284 1896 563 1946 simulatorem,
589 1911 706 1950 quem
734 1905 870 1948 Ειρωνα
895 1897 1021 1936 Graeci
1044 1897 1269 1936 nominave-

145 1959 251 1998 runt,
278 1952 473 1990 Socratem
498 1953 739 2004 accepimus:
770 1960 914 2000 contra,
942 1951 1205 2013 Pythagoram
1231 1956 1270 1988 et

146 2005 335 2044 Periclem
354 2018 549 2045 summam
567 2007 831 2045 auctoritatem
846 2014 1078 2053 consecutos,
1094 2005 1174 2044 sine
1187 2004 1272 2043 ulla

144 2058 348 2098 hilaritate.
394 2060 591 2099 Callidum
612 2061 890 2110 Hannibalem,
906 2073 954 2099 ex
970 2060 1193 2105 Poenorum,
1222 2071 1271 2097 ex

145 2114 282 2152 nostris
307 2114 484 2162 ducibus,
505 2115 558 2163 Q.
585 2115 810 2154 Maximum
830 2115 1059 2167 accepimus,
1082 2114 1194 2152 facile
1212 2125 1274 2151 ce-

145 2167 237 2213 lare,
254 2176 390 2215 tacere,
403 2169 658 2218 dissimulare,
674 2170 859 2215 insidiari,
880 2169 1083 2221 praecipere
1101 2167 1271 2206 hostium

145 2222 311 2261 consilia.
354 2224 403 2262 In
419 2237 496 2275 quo
513 2237 650 2275 genere
666 2225 791 2263 Graeci
804 2223 1107 2264 Themistoclem
1121 2230 1158 2261 et
1172 2222 1278 2261 Phc-

1450 2324 1470 2402 —ul
