1470 2402
237 123 318 162 350
454 121 531 161 DE
560 121 917 173 SENECTUTE,
947 123 1053 163 CAP.
1076 124 1138 162 14.

237 228 380 269 Matris
399 231 570 283 acceptis.
598 231 799 283 Epulabar
816 231 934 282 igitur
951 244 1041 271 cum
1060 230 1251 270 sodalibus
1268 242 1353 270 orn-

236 284 330 323 111110
357 285 530 332 modice;
565 286 630 324 sed
655 292 734 324 erat
761 286 920 337 quidam
945 285 1069 325 fervor
1095 286 1237 324 aetatis:
1273 285 1353 336 qu‘a

234 339 511 390 progrediente,
529 340 658 378 omnia
671 340 770 378 fiunt
784 340 905 378 indies
919 340 1089 379 mitiora:
1110 352 1235 391 neque
1249 339 1354 377 enim

235 392 407 444 ipsorum
421 394 680 433 conviviorum
695 393 982 432 delectationem
995 394 1254 445 voluptatibus
1273 405 1355 431 cor-

234 447 337 498 poris
364 448 501 499 magis,
529 462 648 500 quam
676 455 774 486 coetu
800 448 1011 487 amicorum
1038 454 1075 486 et
1100 447 1353 495 sermonibus,

235 501 430 540 metiebar.
474 503 582 540 Bene
612 502 715 541 enim
742 503 905 564 majores
931 502 1050 540 nostri
1077 501 1354 540 accubitionem

236 556 433 606 epularem
452 556 677 605 amicorum,
699 556 790 608 quia
808 557 896 595 vitae
914 556 1220 606 conjunctionem
1238 555 1356 593 habe-

235 616 306 655 161,
335 612 460 647 conziz
462 612 557 648 >ium
586 610 848 659 nominarunt,
882 611 1033 658 melius,
1065 623 1183 661 quam
1215 608 1355 656 Graeci,

235 663 305 714 qui
323 663 396 702 hoc
414 664 516 702 idem
536 672 622 703 tum
645 667 974 715 compotationem,
1000 671 1085 702 tum
1109 665 1356 702 concoenatz'o-

235 730 337 766 nem,
353 726 508 764 vocant3
534 726 592 767 ut,
608 719 736 770 quod
725 732 765 756 111
785 732 828 757 eo
847 732 982 771 genere
999 718 1206 757 minimum
1226 723 1296 766 est,
1315 716 1357 754 id

234 772 405 810 maxime
423 774 583 824 probare
602 773 813 812 videantur.

289 825 409 864 XIV.
439 827 526 878 Ego
544 840 647 875 vero,
667 835 821 879 propter
846 826 1028 866 sermonis
1052 825 1354 872 delectationem,

235 880 468 931 tempestivis
488 894 641 942 quoque
655 881 834 920 conviviis
849 881 1024 928 delector,
1040 893 1109 919 nec
1123 892 1213 919 cum
1229 891 1357 930 aequa-

235 933 339 972 libus
358 935 482 973 solum
510 935 595 986 (qui
620 935 733 987 pauci
758 935 966 973 admodum
986 942 1160 982 restant),
1181 933 1246 972 sed
1265 945 1356 971 cum

236 987 362 1026 vestra
387 988 503 1027 etiam
531 997 653 1038 aetate,
681 997 797 1050 atque
821 989 1041 1028 vobiscum.
1076 989 1274 1048 habeoque
1299 999 1357 1024 se-

235 1042 381 1080 nectuti
399 1055 582 1104 magnam
589 1044 778 1104 gratiam,
800 1057 888 1094 quae
911 1043 1009 1081 mihi
1032 1041 1214 1081 sermonis
1237 1040 1357 1079 avidi-

235 1101 356 1133 tatem
375 1097 498 1144 auxit,
519 1096 683 1148 potionis
703 1104 740 1135 et
758 1097 833 1136 cibi
852 1097 1016 1135 sustulit.
1051 1096 1170 1144 Quod
1189 1095 1221 1133 si
1239 1107 1357 1146 quem

237 1149 354 1187 etiam
384 1150 457 1187 ista
487 1150 688 1198 delectant,
719 1153 785 1193 (ne
812 1151 969 1189 omnino
995 1151 1143 1190 bellum
1175 1148 1358 1187 indixisse

236 1201 366 1240 videar
385 1205 588 1255 voluptati,
610 1206 719 1254 cujus
739 1212 795 1243 est
814 1205 928 1243 etiam
946 1204 1102 1242 fortasse
1117 1203 1275 1255 quidam
1289 1214 1359 1240 na-

237 1256 372 1295 turalis
390 1257 545 1305 modus)
564 1270 641 1296 non
662 1258 848 1309 intelligo,
869 1271 918 1297 ne
941 1258 982 1296 in
1005 1258 1086 1296 istis
1111 1256 1266 1309 quidem
1292 1268 1358 1294 νο-

237 1310 450 1362 luptatibus
475 1312 581 1363 ipsis,
610 1325 735 1350 carere
760 1325 871 1350 sensu
895 1319 1137 1350 senectutem.
1179 1310 1250 1348 Me
1269 1322 1358 1348 vero

237 1371 276 1402 et
294 1365 512 1416 magisteria
531 1366 731 1413 delectant,
753 1379 776 1404 a
798 1367 1008 1416 majoribus
1034 1365 1232 1410 instituta,
1221 1378 1231 1388 ·
1263 1371 1300 1402 et
1325 1363 1358 1401 is

237 1430 377 1465 sermo,
398 1418 480 1470 qui,
507 1432 614 1457 more
637 1421 844 1481 majorum,
872 1434 895 1458 a
920 1433 1072 1458 summo
1097 1417 1327 1458 adhibetur
1316 1429 1357 1455 111

235 1472 409 1523 poculis;
436 1480 472 1511 et
486 1474 637 1525 pocula,
659 1473 755 1512 sicut
768 1474 809 1511 in
829 1475 858 1496 “
872 1474 1100 1526 Symposio”
1121 1472 1359 1524 Xenophon-

236 1525 300 1574 tis,
329 1526 494 1575 minuta,
525 1535 640 1578 atque
669 1527 860 1573 rorantia;
895 1535 933 1566 et
958 1527 1190 1579 refrigeratio
1215 1532 1357 1573 aestate,

237 1586 276 1618 et
294 1579 459 1618 vicissim
478 1588 545 1619 aut
565 1582 621 1620 sol
639 1589 707 1620 aut
731 1582 830 1633 ignis
851 1582 1058 1620 hibernus.
1089 1595 1176 1633 quae
1201 1579 1359 1641 quidem

236 1633 279 1672 in
298 1634 450 1673 Sabinis
470 1635 585 1673 etiam
608 1636 785 1687 persequi
811 1637 925 1682 soleo,
953 1636 1247 1686 conviviumque
1270 1633 1363 1672 vici-

237 1699 378 1726 norum
397 1690 568 1740 quotidie
587 1690 784 1741 compleo,
816 1690 919 1752 quod
937 1690 986 1728 ad
1009 1690 1172 1727 multam
1192 1694 1358 1736 noctem,

238 1754 359 1793 quam
376 1743 547 1781 maxime
565 1756 782 1795 possumus,
798 1744 902 1783 vario
916 1756 1088 1782 sermone
1101 1741 1358 1794 producimus.

292 1796 353 1834 At
379 1809 456 1835 non
485 1804 541 1835 est
567 1798 811 1849 voluptatum
837 1805 947 1836 tanta
978 1797 1088 1850 quasi
1119 1795 1286 1834 titillatio
1317 1795 1359 1833 in

238 1849 406 1889 senibus.
448 1850 597 1889 Credo:
629 1851 694 1890 sed
715 1864 764 1890 ne
789 1851 1012 1890 desideratio
1037 1850 1205 1903 quidem.
1245 1849 1359 1887 Nihil

237 1910 370 1942 autem
388 1904 608 1953 molestum,
629 1905 733 1956 quod
751 1918 828 1944 non
848 1905 1045 1944 desideres.
1084 1905 1192 1943 Bene
1211 1903 1359 1954 Sopho-

239 1957 328 2005 cles,
349 1971 439 1996 cum
458 1972 506 1997 ex
525 1972 569 1997 eo
584 1959 757 2011 quidam,
775 1960 857 2009 jam
873 1959 1006 1998 affecto
1020 1965 1143 2006 aetate,
1159 1965 1358 2029 quaereret,

238 2018 458 2050 utereturne
477 2014 590 2052 rebus
609 2014 808 2052 venereis?
839 2015 867 2036 “
881 2013 951 2051 Dii
969 2013 1151 2051 meliora.
1142 2013 1182 2038 '⁹'
1207 2011 1357 2072 inquit:

241 2066 271 2087 “
286 2064 450 2104 libenter
471 2079 559 2105 vero
577 2066 703 2115 istinc,
723 2074 923 2118 tamquam
942 2080 965 2105 a
983 2066 1138 2104 domino
1159 2065 1297 2117 agresti
1315 2077 1361 2103 ac

240 2116 398 2167 furioso,
418 2120 584 2171 profugi.
589 2120 615 2139 ’⁹
649 2121 810 2172 Cupidis
828 2121 931 2160 6111111
950 2133 1078 2159 rerum
1097 2119 1234 2158 talium
1252 2117 1359 2156 odio·

240 2184 329 2212 sum
347 2179 385 2213 et
402 2174 608 2215 molestum
627 2182 684 2215 est
701 2175 858 2216 fortasse
876 2187 1024 2216 carere.
1055 2173 1197 2214 satiatis
1216 2185 1303 2213 vero
1321 2178 1359 2211 et
