1470 2402
289 116 369 156 DE
398 115 758 166 SENECTUTE,
787 115 893 155 cir.
913 116 979 155 21.
1116 118 1192 156 361

76 224 199 275 Quod
223 225 341 278 igitur
367 225 634 274 adolescentes,
663 233 701 264 et
726 225 755 263 ii
781 224 938 277 quidem
965 236 1043 263 non
1070 226 1197 264 solum

78 279 237 327 indocti,
257 280 323 319 sed
341 280 457 319 etiam
474 280 618 328 rustici,
634 287 899 353 contemnunt,
920 278 960 317 id
978 278 1078 318 docti
1092 293 1199 319 senes

82 334 355 374 extimescent.
346 337 363 361 ⁹
425 349 431 354 ·

106 388 312 427 Omnino
331 391 393 432 (ut
411 387 508 426 mihi
526 388 682 437 quidem
702 388 868 435 videtur)
884 387 1098 426 studiorum
1116 401 1201 427 om-

82 443 195 481 nium
224 443 375 481 satietas
403 442 491 480 vitae
519 442 610 481 facit
639 443 862 481 satietatem.
905 443 1005 480 Sunt
1029 443 1203 493 pue1itiae

84 504 185 535 certa
204 496 352 535 studia:
381 509 476 534 num
495 496 612 547 igitur
632 510 675 535 ea
693 496 907 535 desiderant
921 495 1202 536 adolescentes?

85 552 186 590 Sunt
205 559 242 589 et
260 550 426 588 ineuntis
445 550 726 589 adolescentiae:
753 562 849 588 num
868 563 913 588 ea
927 551 1010 599 jam
1029 558 1205 589 constans

85 605 246 656 requirit
264 612 368 651 aetas,
389 618 476 656 quae
495 604 622 642 media
639 604 778 643 dicitur
793 606 809 642 Ρ
839 604 939 642 Sunt
953 604 1069 642 etiam
1087 604 1206 654 hujus

87 659 231 697 aetatis:
262 671 311 696 ne
330 672 375 697 ea
392 658 549 710 quidem
569 666 794 710 quaeruntur
816 671 839 695 a
864 664 1066 696 senectute.
1107 659 1208 698 Sunt

87 721 260 751 extrema
277 713 456 764 quaedam
475 712 601 751 studia
623 712 836 751 senectutis.
876 712 998 762 Ergo,
1026 720 1070 750 ut
1095 726 1208 764 supe-

87 767 233 805 riorum
259 774 417 805 aetatum
439 767 564 805 studia
594 766 784 814 occidunt,
812 765 865 804 sic
889 765 1065 804 occidunt
1093 767 1209 805 etiam

90 821 315 860 senectutis:
351 821 456 872 quod
481 834 570 859 cum
598 820 736 869 evenit,
764 820 914 859 satietas
942 819 1030 858 vitae
1057 828 1210 873 tempus

89 884 289 913 maturum
306 875 439 913 mortis
459 874 578 912 affert.

143 929 264 967 XXI.
288 928 484 980 Equidem
503 941 580 966 non
600 928 723 975 video,
745 941 825 975 cur,
847 929 942 981 quid
955 929 1036 981 ipse
1050 929 1211 968 sentiam

89 983 137 1021 de
155 991 292 1031 morte,
313 995 391 1021 non
409 982 572 1021 audeam
591 983 698 1021 vobis
715 982 863 1027 dicere,
853 997 862 1007 ·
889 984 993 1035 quod
1012 997 1056 1022 eo
1074 984 1214 1022 melius

90 1037 188 1075 mihi
207 1050 356 1075 cernere
375 1036 517 1084 videor,
538 1050 615 1088 quo
634 1039 682 1075 ab
702 1050 746 1075 ea
764 1038 920 1089 propius
939 1039 1088 1076 absum.
1125 1038 1214 1089 Ego

91 1099 233 1130 vestros
250 1099 390 1142 patres,
421 1091 467 1128 P.
489 1091 630 1152 Scipio,
658 1098 793 1142 tuque,
819 1092 863 1130 C.
886 1092 999 1138 Laeli,
1020 1092 1119 1130 viros
1138 1092 1215 1130 cla-

92 1145 274 1191 rissimos,
309 1144 483 1205 mihique
515 1145 777 1191 amicissimos,
811 1145 937 1184 vivere
969 1147 1143 1193 arbitror,
1178 1153 1216 1184 et

93 1212 181 1238 eam
209 1199 367 1250 quidem
393 1199 527 1245 vitam,
558 1213 646 1250 quae
673 1207 728 1237 est
757 1200 836 1237 sola
863 1199 941 1237 w‘ta
966 1200 1214 1238 nominanda.

96 1254 219 1302 Nam,
250 1253 345 1291 dum
373 1265 507 1291 sumus
535 1254 575 1291 in
603 1253 663 1291 1315
689 1253 828 1291 inclusi
856 1254 1105 1315 compagibus
1135 1267 1217 1293 cor-

96 1307 213 1359 poris,
245 1320 404 1345 munere
434 1307 603 1358 quodam
629 1307 873 1355 necessitatis
903 1316 940 1346 et
967 1321 1075 1359 gran
1104 1322 1218 1359 opere

97 1361 378 1413 perfungimur.
407 1361 480 1399 Est
499 1362 601 1399 enim
621 1362 772 1400 animus
791 1362 948 1400 coelestis
967 1375 1015 1400 ex
1034 1362 1219 1401 altissimo

98 1415 292 1454 domicilio
324 1415 536 1467 depressus,
568 1424 605 1453 et
634 1416 744 1466 quasi
773 1415 967 1454 demersus
993 1416 1032 1453 in
1062 1424 1218 1463 terram,

97 1470 227 1508 locum
242 1469 381 1507 divinae
394 1477 555 1515 naturae,
570 1470 860 1531 aeternitatique,
874 1470 1118 1508 contrarium.
1146 1470 1223 1509 Sed

100 1523 227 1571 credo,
248 1523 353 1562 Deos
377 1523 613 1561 immortales
636 1524 813 1574 sparsisse
839 1524 987 1562 animos
1005 1524 1047 1561 in
1066 1537 1224 1575 corpora

101 1577 288 1625 humana,
322 1585 367 1615 ut
399 1585 535 1624 essent,
567 1577 636 1628 qui
668 1584 785 1615 terras
817 1586 1027 1638 tuerentur,
1063 1578 1222 1629 quique,

101 1631 312 1670 coelestium
337 1631 511 1669 ordinem
536 1631 851 1682 contemplantes,
871 1631 1112 1669 imitarentur
1135 1645 1226 1670 eum

103 1686 193 1724 vitae
212 1685 327 1723 modo
345 1693 460 1736 atque
480 1685 703 1722 constantia.
738 1685 825 1723 Nec
842 1698 906 1723 me
925 1686 1050 1723 solum
1068 1686 1164 1723 ratio
1183 1698 1227 1724 ac

104 1739 312 1790 disputatio
345 1738 515 1790 impulit,
550 1746 595 1776 ut
626 1738 679 1776 ita
711 1738 928 1786 crederem,
951 1739 1016 1777 sed
1048 1739 1229 1778 11111111ιὸ5

106 1793 223 1832 etiam
241 1805 484 1831 summorum
503 1791 834 1843 philosophorum,
855 1801 892 1830 et
910 1793 1124 1831 auctoritas.

159 1847 385 1886 Audiebam
409 1846 688 1898 Pythagoram,
716 1846 1030 1897 Pythagoreosqu
1033 1860 1067 1891 e,
1087 1847 1231 1886 incolas

106 1913 216 1963 paene
234 1909 396 1962 nostros,
417 1901 486 1952 qui
504 1908 627 1939 essent
647 1900 773 1938 Italici
791 1900 1010 1952 philosophi
1035 1901 1233 1952 quondam

106 1955 311 2002 nominati,
321 1967 526 2006 nunquam
537 1954 746 2002 dubitasse,
758 1954 852 2005 quin
861 1967 909 1992 ex
917 1954 1093 1993 universa
1105 1964 1235 1994 mente

109 2010 242 2048 divina
280 2009 466 2047 delibatos
503 2009 651 2047 animos
684 2008 925 2047 haberemus.
983 2008 1236 2047 Demonstra-

109 2065 252 2103 bantur
265 2062 364 2101 1111111
377 2071 573 2114 praeterea,
591 2075 678 2114 quae
693 2062 864 2101 Socrates
879 2074 1058 2114 supremo
1072 2063 1159 2102 vitae
1173 2063 1236 2102 die

109 2118 159 2156 de
177 2117 465 2155 immortalitate
484 2116 705 2155 animorum
723 2115 1004 2162 disseruisset,
992 2129 1040 2164 is,
1055 2116 1124 2167 qui
1142 2125 1238 2156 esset

109 2171 288 2210 omnium
307 2170 610 2232 sapientissimus
635 2171 788 2209 oraculo
811 2169 1010 2232 Apollinis
1029 2170 1236 2221 judicatus.

108 2224 219 2275 Quid
235 2224 389 2264 multa?
413 2224 467 2264 sic
485 2224 586 2264 mihi
602 2223 787 2279 persuasi,
807 2223 861 2265 sic
875 2224 1011 2276 sentio,
1026 2236 1118 2279 cum
1132 2230 1239 2266 tanta

157 2280 348 2330 (Philus.)
368 2289 475 2320 vox,
496 2289 561 2318 xv.
837 2280 863 2318 2
885 2289 903 2318 1
