1470 2402
195 97 273 136 124
504 97 582 137 DE
612 97 788 149 FATO,
819 97 926 138 cst.
950 99 1013 144 17.

189 219 328 252 causa;
359 206 543 258 quoniam
567 207 677 246 nulla
696 221 781 246 eam
799 220 882 247 rem
901 207 972 246 sua
995 206 1034 246 vi
1051 204 1180 252 efficit,
1199 204 1314 255 cujus

189 260 329 299 dicitur
358 274 498 306 causa;
528 275 597 300 nec
627 262 680 310 id,
713 263 794 300 sine
818 275 896 315 quo
921 261 1122 314 quidpiam
1146 271 1224 298 non
1252 257 1312 306 fit,

191 328 305 353 causa
325 323 404 361 est;
436 316 500 354 sed
519 316 573 363 id,
595 316 713 368 quod,
730 330 818 354 cum
838 316 986 363 accesit,
1006 316 1061 363 id,
1077 315 1188 364 cujus
1201 324 1315 352 causa

191 377 261 417 est,
283 369 395 408 efficit
409 371 629 408 necessario.
659 371 847 408 Nondum
864 371 966 409 enim
980 370 1148 408 ulcerato
1162 379 1315 419 serpen-

190 423 240 461 tis
258 436 388 461 morsu
405 425 632 472 Philocteta,
651 439 737 476 quae
752 438 865 463 causa
878 425 919 463 in
933 438 1061 462 rerum
1074 423 1212 461 natura
1225 432 1315 460 oon-

190 477 397 527 tinebatur,
417 478 511 527 fore,
532 488 576 517 ut
593 479 626 517 is
649 479 690 516 in
716 479 844 517 insula
868 479 1020 518 Lemno
1042 475 1313 530 linqueretur?

191 531 286 570 Post
305 541 434 570 autem
454 545 567 571 causa
592 533 667 570 fuit
690 533 859 584 propior,
886 541 924 572 et
956 545 1046 572 cum
1071 533 1177 570 exitu
1199 532 1315 580 junc-

190 585 276 623 tior.
322 587 438 624 Ratio
468 587 586 638 igitur
616 590 772 626 eventus
802 588 923 639 aperit
951 599 1119 626 causam.
1163 584 1239 624 Sed
1266 595 1316 622 ex

192 640 402 679 aeternitate
422 655 511 679 vera
536 641 611 679 fuit
635 641 717 680 haec
742 641 977 680 enuntiatio:
1010 643 1038 664 “
1060 640 1318 690 Relinquetur

191 693 233 731 in
258 694 386 732 insula
411 695 640 733 Philoctetes
657 696 697 732 :''
726 708 796 734 nec
822 696 895 734 hoc
923 709 971 734 ex
996 708 1085 734 vero
1108 694 1149 732 in
1175 693 1318 731 falsum

190 756 339 799 poterat
358 749 536 787 converti.
581 750 745 788 Necesse
768 757 824 788 est
843 750 960 796 enim,
973 749 1015 787 in
1039 750 1152 787 rebus
1170 754 1320 786 contra-

190 802 255 840 riis
274 802 438 849 duabus,
460 804 663 846 (contraria
681 812 811 842 autem
836 804 909 842 hoc
933 804 1016 842 looo
1035 816 1080 841 ea
1097 802 1196 849 dico,
1217 813 1315 854 quo-

191 869 280 894 rum
305 857 468 895 alterum
494 858 547 895 ait
566 858 674 910 quid,
696 858 860 896 alterum
885 865 1016 910 negat)
1043 870 1091 895 ex
1114 857 1176 895 his
1199 855 1319 907 igitur

189 923 339 949 necesse
358 919 427 959 est,
448 912 568 950 invito
583 912 767 964 Epicuro,
782 913 945 950 alterum
961 925 1094 950 verum
1113 923 1206 959 esse,
1227 909 1320 948 alte-

191 978 280 1003 rum
299 965 440 1003 falsum
459 980 468 1003 :
499 975 557 1014 ut,
589 970 618 989 ‘⁶
639 967 882 1005 Sauciabitur
895 965 1168 1013 Philoctetes,'’
1194 963 1321 1002 omni·

190 1020 264 1057 bus
289 1028 378 1058 ante
404 1021 550 1058 saeculis
576 1033 710 1059 verum
735 1021 833 1059 fuit:
871 1023 899 1044 “
920 1021 1013 1059 Non
1042 1017 1318 1064 sauciabitur,”

192 1073 349 1111 falsum.
380 1074 468 1113 Nisi
486 1074 583 1113 forte
602 1075 781 1113 volumus
800 1075 1081 1126 Epicureorum
1099 1073 1319 1126 opinionem

193 1128 317 1179 sequi,
350 1128 418 1180 qui
447 1129 540 1168 tales
570 1129 848 1168 enuntiationes
875 1141 944 1167 nec
970 1131 1076 1167 veras
1104 1141 1174 1166 nec
1203 1127 1319 1165 falsas

187 1194 266 1220 esse
285 1181 441 1221 dicunt:
473 1191 553 1229 aut,
575 1197 664 1222 cum
689 1184 729 1222 id
749 1184 881 1235 pudet,
902 1183 1001 1221 illud
1020 1192 1149 1221 tamen
1168 1181 1317 1229 dicunt,

191 1236 297 1287 quod
324 1244 380 1275 est
403 1236 681 1289 impudentius,
709 1251 816 1277 veras
843 1251 923 1276 esse
951 1236 998 1276 ex
1023 1226 1321 1285 contrariis>dis-

189 1291 431 1339 junctiones;
463 1292 542 1339 sed,
563 1306 651 1344 quae
669 1292 710 1330 in
728 1292 788 1331 his
807 1291 1006 1333 enuntiata
1024 1299 1162 1341 essent,
1185 1302 1320 1329 eorum

192 1353 375 1383 neutrum
396 1359 474 1384 esse
493 1359 639 1384 verum.

247 1398 287 1437 O
307 1399 572 1438 admirabilem
590 1401 800 1449 licentiam,
823 1408 860 1439 et
885 1401 1142 1439 miserabilem
1160 1398 1323 1438 inscien-

191 1453 287 1491 tiam
315 1453 548 1492 disserendi!
582 1456 623 1493 Si
649 1456 750 1494 enim
778 1455 925 1507 aliquid
949 1456 990 1492 in
1016 1453 1229 1507 eloquendo
1253 1465 1324 1492 nec

190 1519 327 1545 verum
347 1520 415 1547 nec
433 1508 575 1547 salsum
595 1518 664 1557 est,
685 1519 783 1548 certe
801 1510 841 1548 id
856 1522 992 1548 verum
1010 1521 1087 1547 non
1103 1516 1170 1547 est.
1199 1506 1320 1556 Quod

191 1569 322 1600 autem
342 1576 476 1601 verum
502 1576 578 1602 non
605 1573 674 1611 est,
696 1566 765 1616 qui
790 1571 914 1616 potest
936 1576 1014 1602 non
1039 1563 1181 1602 falsum
1205 1575 1284 1601 ωδε
1298 1563 1318 1601 ?

190 1624 271 1662 aut,
282 1617 386 1668 quod
405 1617 546 1656 falsum
566 1630 643 1656 non
659 1627 728 1666 est,
742 1621 812 1670 qui
826 1626 949 1670 potest
962 1630 1039 1656 non
1055 1630 1189 1656 verum
1209 1629 1288 1655 oese
1301 1617 1321 1655 ἲ

192 1669 407 1709 Tenebitur
425 1672 479 1719 id,
500 1673 604 1724 quod
623 1687 646 1710 a
666 1673 883 1724 Chrysippo
901 1672 1132 1718 defenditur,
1146 1671 1320 1710 Omnem

191 1725 402 1783 enuntiatio
433 1739 494 1765 em
514 1735 581 1764 aut
599 1740 728 1765 veram
748 1736 815 1765 aut
834 1727 971 1765 falsam
986 1739 1077 1765 oese.
1108 1725 1226 1764 Ratio
1237 1725 1321 1776 ipsa

189 1787 312 1830 coget,
325 1787 371 1818 ot
389 1788 409 1818 e
464 1781 673 1820 aeternitate
696 1781 875 1832 quaedam
895 1794 982 1819 vera
1007 1793 1100 1829 esse,
1122 1787 1158 1818 et
1179 1793 1223 1818 ea
1241 1791 1320 1818 non

188 1845 268 1871 esse
297 1846 398 1873 nexa
428 1835 550 1875 causis
579 1835 743 1885 aeternis,
776 1844 813 1874 et
840 1848 865 1875 a
894 1835 962 1873 fati
994 1835 1214 1874 necessitate
1240 1845 1320 1872 esse

189 1886 321 1925 libera.
840 1879 852 1901 Γ·

242 1941 386 1980 XVII.
417 1943 480 1982 Ac
511 1943 610 1981 mihi
635 1943 794 1995 quidem
813 1943 963 1982 videtur
982 1946 1089 1986 (cum
1115 1943 1203 1981 duae
1234 1954 1320 1981 sen-

193 1996 322 2033 tentia?
340 1996 499 2035 fuissent
519 2006 689 2036 veterum
715 1998 1046 2049 philosophorum,
1067 2010 1145 2035 una
1171 2009 1319 2045 eorum,

193 2049 261 2101 qui
281 2059 474 2089 censerent
499 2052 630 2090 omnia
655 2053 708 2090 ita
733 2053 812 2090 fato
838 2052 932 2099 fieri,
954 2060 998 2090 ut
1022 2052 1062 2089 id
1087 2052 1212 2089 fatum
1238 2051 1319 2088 vim

191 2104 421 2142 necessitatis
433 2105 596 2152 afferret,
611 2106 650 2143 in
667 2107 745 2158 qua
764 2107 951 2145 sententia
965 2105 1224 2153 Democritus,
1240 2105 1324 2143 He-

191 2157 362 2204 raclitus,
379 2159 645 2211 Empedocles,
662 2161 890 2199 Aristoteles
903 2160 1004 2206 fuit;
1034 2160 1153 2198 altera
1171 2171 1320 2206 eorum,

187 2210 331 2262 quibus
350 2212 568 2253 viderentur
587 2214 668 2255 sine
686 2215 767 2254 ullo
791 2215 970 2254 favo-esse
987 2214 1207 2254 animorum
1233 2225 1318 2252 mo-
